2456 3501
1120 94 1203 139 25

293 255 438 310 Atque
469 256 512 296 in
544 255 610 296 his
641 254 864 310 exemplis,
896 268 1021 309 quae,
1052 270 1150 295 cum
1182 268 1451 296 communem
1481 254 1591 294 inter
1621 267 1668 294 se
1698 254 1908 295 rationem
1935 268 2018 296 non
2042 269 2226 309 sequan-

94 342 174 385 tur,
206 335 436 390 separatim
468 333 691 374 tractanda
722 342 832 382 sunt,
864 348 942 389 per
970 333 1266 389 pleonasmum
1298 330 1347 374 ἅν
1378 332 1613 373 admissum
1645 331 1828 373 videtur.

293 427 333 454 α.
378 413 433 453 ad
463 413 760 467 imperfectum
791 412 1035 452 iterativum
1066 412 1110 452 in
1141 413 1368 452 enunciato
1399 411 1675 452 secundario:

292 490 409 532 πλέον
439 488 482 532 δὲ
509 488 536 547 ἢ
569 490 736 532 ἔλαττον
766 490 902 545 ἔχαιρε
933 486 1052 532 συνὼν
1084 489 1198 540 ἐνίοις
1226 487 1370 540 αὐτῶν,
1391 488 1526 544 μόνοις
1547 487 1818 544 ἐξιστάμενος,
1840 485 1975 532 ὁπόσοι
1995 489 2044 532 ἂν
2065 488 2230 533 ἐδόκουν

94 567 204 628 αὐτῷ
234 565 331 624 ὑπὲρ
360 567 435 625 τὴν
463 570 539 624 τῆς
569 567 797 624 Ἑεραπείας
826 568 970 611 ἐλπίδα
1000 567 1288 624 διαμαρτάνειν
1318 570 1444 610 Dem.
1478 572 1540 609 10.
1564 569 1622 610 ΙΙ.
1645 571 1739 610 379.
1779 568 1858 610 ’'Av
1888 571 2000 610 enim
2033 571 2074 610 in
2108 572 2227 626 prin-

94 649 308 705 cipalibus
338 656 499 690 tantum
531 649 905 690 enunciationibus
937 648 991 689 ad
1023 649 1192 704 imperf.
1216 649 1428 702 adjectum
1451 649 1685 697 invenitur3
1716 649 1759 689 in
1782 648 2065 701 subjunctivis
2088 660 2228 689 autem

93 738 165 770 aut
197 729 379 783 simplex
410 728 626 783 optativus
658 737 730 768 aut
760 728 929 782 imperf.
962 729 1053 769 sine
1084 725 1133 769 ἅν
1163 736 1409 783 usurpatur.
1449 727 1667 781 cf.-Kriig.
1690 729 1758 767 53.
1782 729 1846 767 10.
1869 728 1908 767 3.
1940 736 1980 767 et
2011 730 2077 768 54.
2103 730 2165 769 12.
2191 731 2228 769 5.

292 809 328 859 β.
373 808 417 847 in
448 806 732 848 condicionali
766 807 925 861 protasi
958 802 1007 848 ἄν
1038 816 1185 847 contra
1215 821 1483 847 communem
1513 807 1721 847 rationem
1754 806 1990 859 adjectum:

293 884 327 927 εί
355 884 432 940 γὰρ
463 882 587 934 οὕτως
616 885 698 940 ἔχει
727 886 863 927 ταῦτα
891 883 964 926 καὶ
993 882 1107 927 οὐδὲν
1137 884 1186 926 ἂν
1215 881 1278 927 ὑπ’
1303 880 1460 933 οὐδενὸς
1491 881 1686 939 ἀλλαγείη
1706 886 1783 931 τῶν
1805 883 1917 936 ἅπαξ
1939 883 2150 937 δοξάντων,
2172 884 2229 926 τί·

93 980 159 1020 νος
187 964 306 1007 ἕνεκα
326 962 418 1019 ὑμῖν
437 963 611 1020 <ὶΐύομενς
639 964 744 1020 ‹Jup.
768 964 893 1006 Conf.
916 967 954 1005 5.
976 964 1033 1008 II.
1056 967 1150 1005 630.
1200 964 1373 1006 Similia
1393 964 1606 1018 quaedam
1628 964 1827 1019 exempla
1846 980 1887 1005 v.
1910 964 2015 1005 Mat.
2039 967 2132 1004 525.
2157 967 2177 1004 7
2192 979 2229 1004 a.

292 1060 329 1099 γ.
375 1060 452 1099 per
483 1044 775 1085 confusionem
808 1043 1023 1098 quandam
1056 1040 1105 1085 ἄν
1135 1044 1353 1084 additum:

295 1119 510 1172 ἀποδιδοὺς
543 1123 600 1180 τῷ
635 1120 751 1164 παιδὶ
787 1120 832 1163 τὸ
872 1119 1058 1178 ποτήριον
1099 1122 1298 1174 ἐκέλευες,
1336 1121 1371 1164 εἰ
1406 1118 1463 1178 μὴ
1503 1120 1708 1177 Πυραλλὶς
1738 1120 1929 1178 αἰτήσειε,
1959 1118 2016 1178 μὴ
2047 1120 2094 1164 ἂν
2125 1119 2232 1179 ἄλλῳ

90 1203 226 1257 ἐγχέαι
258 1202 375 1243 Dial.
409 1202 517 1242 Mer.
551 1204 614 1242 12.
650 1204 684 1242 1.
717 1201 798 1242 III.
830 1204 939 1251 311„
971 1203 1095 1256 quasi
1125 1217 1209 1243 non
1240 1202 1380 1243 finalis
1414 1202 1491 1243 sed
1523 1203 1788 1243 declarativa
1818 1203 2102 1256 subjungatur
2134 1217 2231 1243 sen-

90 1283 222 1323 tentia
259 1277 352 1335 (οὒκ
389 1279 438 1322 ἂν
475 1282 554 1322 δεῖν
588 1279 728 1336 ἐγχέαι
758 1297 816 1323 sc.
848 1281 955 1336 ἔφη).
1015 1281 1186 1322 Etenim
1224 1282 1336 1322 actio
1374 1297 1438 1331 ca,
1477 1295 1587 1335 quae
1618 1281 1751 1323 verbo
1782 1297 1807 1322 a
1835 1282 1968 1322 verbo
1999 1282 2229 1323 voluntatis

90 1361 301 1417 pendente
346 1362 620 1416 exprimitur,
665 1376 718 1400 ex
755 1361 851 1415 ipsa
895 1361 1112 1402 voluntate
1143 1362 1389 1402 necessario
1421 1370 1590 1401 emanat
1626 1375 1705 1401 nec
1736 1361 1989 1401 condicione
2021 1361 2229 1416 suspendi

90 1447 241 1495 potest.
302 1439 460 1482 Verum
500 1441 656 1495 ipsum,
688 1441 758 1481 cui
789 1441 1057 1481 necessitatis
1089 1441 1204 1481 notio
1234 1440 1358 1489 inest,
1390 1440 1584 1488 verbum,
1617 1440 1780 1494 quippe
1814 1455 1911 1480 cum
1943 1440 2019 1481 illa
2047 1440 2091 1480 in
2122 1453 2227 1480 con->

91 1519 259 1560 dicione
290 1520 430 1574 posita
460 1534 555 1559 esse
586 1520 734 1574 possit,
766 1515 815 1560 ἄν
845 1519 1100 1574 particulam
1133 1519 1357 1560 admittere
1379 1520 1528 1574 possit,
1561 1520 1595 1559 si
1628 1519 1802 1573 quidem
1825 1520 2054 1574 separatim
2077 1533 2227 1560 neces-

91 1600 194 1639 sitas
225 1599 491 1647 enuncietur,
522 1606 568 1638 ut
598 1599 730 1639 verbo
760 1596 886 1653 φάναι
917 1599 953 1639 si
985 1599 1286 1653 conjungimus
1318 1598 1411 1649 δεῖν,
1440 1599 1605 1653 χρῆναι;
1636 1613 1718 1639 non
1752 1599 1788 1638 si
1818 1612 1902 1638 uno
1926 1598 2152 1650 vocabulo,
2184 1605 2231 1638 ut

89 1674 277 1728 κελεύειν,
308 1685 534 1731 utramque
564 1678 780 1718 notionem
811 1677 1150 1733 complectimur.
1201 1676 1298 1718 Hoc
1330 1679 1443 1718 enim
1475 1677 1511 1718 si
1542 1679 1602 1727 fit,
1633 1677 1740 1718 nihil
1771 1677 2041 1731 relinquitur,
2072 1678 2154 1717 nisi
2186 1687 2233 1717 ut

91 1753 142 1799 σ’ίν
172 1758 386 1812 particula
416 1758 647 1797 omittatur.

291 1835 378 1876 Per
409 1836 593 1875 similem
625 1835 917 1877 confusionem
951 1833 1000 1877 ἄν
1031 1836 1135 1876 mihi
1168 1837 1211 1877 in
1243 1837 1328 1877 alio
1359 1836 1556 1891 exemplo
1589 1836 1801 1890 adjectum
1833 1836 2025 1876 videtur:
2056 1833 2129 1877 καὶ
2152 1831 2232 1877 ἀπὸ

89 1916 160 1957 τοῦ
195 1911 326 1969 ὀλίγου
361 1913 510 1956 ἐκείνου
545 1912 747 1969 γεύματος
782 1911 888 1970 εἶχες
917 1913 974 1957 ἂν
1003 1914 1136 1967 εἰπεῖν,
1168 1912 1300 1965 ὁποῖος
1331 1912 1441 1965 ἅπας
1471 1911 1490 1957 ὃ
1521 1909 1623 1964 οἶνός
1653 1914 1778 1966 ἐστιν,
1807 1910 1931 1969 Εἶχον
1960 1912 2049 1969 γάρ.
2080 1913 2231 1956 Herm.

91 1997 157 2035 58.
180 1994 213 2034 I.
236 1997 329 2035 798.
379 1989 485 2048 εἶχες
517 1995 629 2034 enim
661 2010 808 2035 verum
838 1996 1118 2050 praeteritum
1149 1996 1203 2035 sit
1232 2010 1410 2035 necesse
1442 2002 1519 2044 est,
1551 2002 1597 2036 ut
1626 1995 1774 2044 verba,
1806 2009 1916 2049 quae
1946 1994 2232 2049 praecedunt:

89 2070 170 2129 ἥδη
200 2070 296 2115 ποτὲ
325 2067 425 2114 οἶνον
454 2072 574 2128 ἐπρίω
604 2069 748 2124 minoz,-
778 2083 872 2124 etc„
904 2074 1145 2116 luculenter
1176 2074 1342 2115 docent.
1394 2074 1546 2128 ltaque
1569 2070 1618 2115 ὀίν
1640 2075 1897 2130 particulam
1922 2073 2028 2113 illud
2050 2089 2134 2114 non
2155 2073 2233 2114 ad-

91 2153 230 2194 mittit.
288 2151 399 2193 Nam
443 2168 497 2194 ne
542 2153 837 2195 condicionale
875 2154 1174 2209 imperfectum
1212 2169 1308 2194 esse
1346 2162 1570 2209 putemus,
1616 2155 1744 2194 etiam
1785 2153 1980 2207 sequenti
2019 2146 2126 2206 εἶχον
2154 2150 2232 2206 γάρ

93 2231 371 2287 prohibemur
382 2248 392 2280 ;
437 2227 543 2286 εἶχον
572 2228 650 2287 γὰρ
683 2231 731 2274 ἄν
762 2233 992 2274 dicendum
1024 2242 1139 2282 erat3
1186 2241 1314 2287 atque
1346 2233 1462 2286 quod
1500 2234 1711 2273 sententia
1741 2232 2054 2288 imperfectum,
2086 2232 2156 2272 eui
2188 2233 2233 2273 in

93 2310 462 2352 condicionalibus
494 2312 715 2352 sententiis
747 2312 1108 2367 impossibilitatis
1141 2314 1206 2353 vis
1238 2313 1362 2362 inest,
1385 2312 1556 2353 omnino
1577 2313 1759 2367 respuit,
1786 2327 1882 2352 cum
1904 2326 1972 2351 res
1995 2312 2232 2351 certissime

92 2390 184 2430 fieri
215 2391 362 2445 possit,
393 2398 440 2431 ut
470 2390 576 2445 ἔχοις
606 2388 655 2433 ἄν
685 2391 914 2432 dicendum
945 2392 1113 2433 fuisset.
1163 2391 1285 2432 Nihil
1316 2392 1450 2446 igitur
1479 2391 1751 2444 relinquitur,
1783 2391 1865 2431 nisi
1896 2398 1942 2430 ut
1965 2388 2014 2431 ἄν
2035 2390 2088 2431 ad
2110 2388 2231 2431 εἰπεῖν

92 2469 342 2510 reseramus.
400 2468 500 2511 Jam
547 2485 616 2511 res
654 2471 745 2511 fere
782 2471 933 2512 eadem
971 2479 1048 2521 est,
1094 2486 1206 2525 quae
1244 2471 1286 2511 in
1319 2472 1516 2526 proximo
1547 2471 1757 2525 exemplo.
1818 2469 2088 2510 Intellexisse
2120 2471 2231 2510 enim

94 2555 242 2589 auctor
278 2548 466 2590 videtur:
512 2547 546 2590 εί
583 2546 824 2605 ἐβουλήῗςης.
883 2549 950 2591 Ex
995 2550 1076 2592 hac
1121 2558 1264 2591 autem
1310 2550 1613 2599 condicionali,
1659 2564 1787 2603 quam
1820 2550 1863 2589 in
1894 2549 2035 2590 animo
2067 2549 2231 2598 habuit,

94 2628 255 2681 protasi
299 2628 342 2668 in
387 2628 610 2683 apodosim
657 2626 706 2670 ἄν
745 2629 909 2679 incidit,
956 2630 1080 2683 quasi
1112 2644 1164 2670 ea
1195 2630 1336 2671 soluta
1366 2637 1479 2670 esset
1509 2643 1589 2670 nec
1619 2629 1694 2669 alii
1725 2629 1959 2669 sententiae
1992 2629 2231 2683 subjuncta,

95 2714 168 2747 aut
197 2721 222 2747 a
251 2707 383 2748 verbo
414 2708 663 2749 declarandi
694 2709 763 2749 vel
796 2709 1088 2763 cognoscendi
1119 2709 1338 2765 penderet.

294 2785 328 2826 δ.
376 2784 626 2827 offendisse
671 2803 739 2828 me
783 2788 1003 2829 fatendum
1042 2785 1092 2830 ἅν
1129 2789 1385 2844 particulam
1425 2788 1552 2828 etiam
1584 2788 1627 2828 in
1659 2787 1740 2828 hoc
1771 2788 1990 2842 exemplo:
2038 2783 2109 2828 ἐὰν
2137 2785 2234 2841 λέγῃ

94 2865 229 2906 ταῦτα.
258 2859 278 2905 ὃ
306 2862 457 2918 νεκρὸς,
489 2861 563 2907 οὐκ
594 2864 642 2908 ἂν
673 2864 858 2920 omnem
886 2864 1132 2909 δικαιότατα
1162 2865 1212 2909 ἄν
1242 2863 1363 2909 αὐτὸν
1393 2865 1532 2916 εἰπεῖνς
1564 2866 1633 2907 De
1663 2865 1790 2908 Luct.
1821 2868 1888 2907 20.
1920 2865 1978 2906 11.
2011 2868 2120 2915 932„
2150 2880 2234 2907 non

94 2944 220 2998 quasi
259 2939 309 2986 ἄν
346 2943 580 2998 dupliciter
617 2947 804 3001 positum
849 2961 1068 3001 nunquam
1114 2955 1325 2997 occurrat,
1373 2946 1489 3000 quod
1519 2961 1604 2987 non
1634 2960 1731 2987 raro
1762 2945 1937 3000 quidem
1968 2946 2060 2986 fieri
2092 2944 2234 2999 Kriig.

95 3025 179 3075 (69.
212 3025 250 3064 7.
282 3024 342 3073 3.)
373 3022 512 3072 docet,
544 3024 621 3065 sed
651 3025 766 3078 quod
799 3040 895 3066 cum
927 3040 977 3067 eo
1009 3026 1135 3067 modo
1167 3022 1216 3068 ἄν
1245 3026 1511 3081 pleonastice
1542 3026 1814 3079 conjunctum
1847 3032 1926 3075 est,
1959 3024 2032 3078 qui
2063 3019 2114 3065 ἅν
2134 3038 2235 3079 par-

97 3101 271 3142 ticulam
302 3101 420 3143 nullo
452 3101 578 3143 modo
609 3103 806 3153 admittit,
839 3103 936 3146 dico
968 3106 1239 3159 conjunctivo
1271 3105 1524 3146 dubitativo.
1572 3104 1660 3157 (De
1692 3101 1736 3146 οὗ
1766 3119 1850 3145 non
1881 3111 1997 3145 recte
2027 3111 2235 3158 usurpato

95 3180 181 3222 vid.
212 3181 358 3233 infra.)
417 3179 650 3224 Enimvero
689 3180 738 3224 ἅν
781 3184 1021 3238 particulae
1066 3184 1299 3240 dupliciter
1337 3184 1503 3239 positae
1534 3185 1667 3236 etiam
1705 3183 1821 3239 apud
1852 3182 2097 3224 Lucianum
2129 3183 2234 3224 satis

1917 3265 1940 3302 6
