2456 3501
1233 123 1273 167 6

177 285 243 325 35.
277 282 357 324 111.
388 284 481 323 415.
542 280 630 322 Sed
670 280 859 322 Sohwid.
900 280 1028 336 Spec.
1067 281 1100 322 I.
1140 297 1180 337 p.
1217 284 1268 323 14
1305 281 1606 338 ἐπιπτήσεσῖῖαι
1644 286 1774 326 scribi
1815 286 1918 326 vult.
1979 286 2110 338 Quod
2139 287 2177 327 si
2210 286 2332 328 Butt-

179 378 378 404 mannum
410 361 644 414 sequimur,
678 361 751 414 qui
784 361 900 400 illam
933 362 1114 401 formam
1148 361 1318 403 duobus
1350 378 1402 402 ex
1435 363 1727 420 Aristophane
1767 367 1977 421 exemplis
2011 366 2152 407 allatis
2184 365 2332 408 defen-

178 444 263 492 dat,
294 457 374 483 nou
407 442 534 495 plane
566 455 658 480 eam
694 440 922 480 Atticismo
954 440 1181 480 adversam
1206 442 1515 494 judicabimus.

378 517 736 573 ὑπερπετασῖῑέντα
768 534 843 574 pro
877 516 1183 574 ὑπερπτάμενον.
1231 521 1335 561 must.
1368 534 1491 573 praec.
1523 525 1561 562 (ἱ.
1594 522 1676 563 ΙΙΙ.
1709 525 1746 563 5.

375 602 411 647 f)
444 599 578 640 verba
610 600 651 638 in
684 614 751 653 μιι

375 676 483 734 ἤμην
515 669 671 734 ρωξῆν
702 694 784 719 non
819 693 994 732 prorsus
1029 680 1217 732 antiquis
1250 681 1517 732 incognitum
1553 681 1623 732 (cf.
1656 681 1823 736 Krueg.
1856 684 1886 734 ξ.
1910 685 1976 723 38.
2011 685 2048 724 2.
2082 684 2123 735 2)
2155 683 2230 724 sed
2262 698 2333 724 ra·

178 761 345 801 ris-sime
377 768 646 813 usurpatum,
680 773 747 814 ap.
779 758 963 798 Lucian.
996 756 1357 812 frequentissime,
1391 768 1435 799 ut
1467 759 1585 800 Dial.
1619 759 1730 800 Mar.
1764 763 1799 800 2.
1834 764 1870 801 2.
1904 761 1936 802 I.
1970 765 2063 802 293.

377 834 524 879 ἀνίστα
555 839 763 892 (imperf.)
798 853 875 892 pro
907 834 1062 893 ἀνίστη.
1111 838 1251 878 Musa.
1284 837 1390 878 Eue.
1424 841 1460 878 7.
1494 838 1577 879 111.
1611 842 1676 881 915.
1738 838 1962 894 ἐνεπίμπλα
1992 856 2069 897 pro
2101 840 2332 897 ἐνεπίμπλη.

177 919 270 961 Cal.
302 933 383 959 non
417 926 513 958 tem.
537 917 652 958 cred.
675 919 712 958 3.
738 917 818 957 111.
846 920 1048 958 129-30.
1094 916 1280 971 περιίστα
1302 933 1378 972 pro
1400 916 1596 972 περιίστη.
1648 918 1716 958 De
1740 919 1835 959 hist.
1859 935 2024 961 conscr.
2053 923 2086 960 1.
2112 920 2168 961 11.
2192 924 2228 962 2.
2251 932 2332 962 etc.

376 996 476 1055 (δι-,3η
507 1012 586 1053 pro
617 995 717 1052 δοίη.
768 999 849 1049 (tyn.
885 999 948 1038 17.
982 997 1064 1038 111.
1096 1000 1189 1039 542).
1224 999 1276 1038 cf.
1311 997 1466 1039 Buttm.
1501 998 1554 1037 A.
1587 996 1641 1037 G.
1674 997 1717 1038 S.
1751 999 1781 1049 ξ.
1817 1000 1908 1038 107.
1940 999 1993 1039 A.
2025 1002 2083 1049 9.)

378 1077 620 1120 Verborum
654 1078 695 1117 in
727 1091 797 1131 υμι
827 1077 984 1117 formas
1016 1077 1070 1117 ab
1102 1091 1156 1117 υω
1187 1077 1339 1117 (luctas
1384 1085 1430 1117 ut
1475 1092 1622 1117 omnes
1667 1077 1757 1117 fere
1789 1079 1949 1132 posteri
1981 1081 2242 1134 praeferunt,
2275 1080 2334 1120 ita

175 1159 229 1202 L,
263 1159 518 1213 saepissime
549 1165 744 1212 usurpat,
791 1164 919 1210 atque
952 1158 994 1197 in
1026 1158 1238 1197 infinitivo
1272 1157 1392 1206 adeo,
1439 1157 1513 1196 ubi
1554 1172 1622 1211 ap.
1656 1158 1786 1211 antiq.
1820 1157 1994 1210 quidem
2027 1158 2082 1197 ab
2113 1173 2168 1200 υω
2196 1159 2335 1199 forma

175 1239 394 1280 rarissime
434 1237 642 1284 occurrit3
683 1236 800 1277 velut
839 1231 1149 1278 ἀναπεταννύειν
1188 1235 1281 1277 Cal.
1313 1238 1379 1276 30.
1420 1235 1502 1276 III.
1537 1238 1741 1277 159-60.
1803 1233 1993 1278 δεικνύειν
2024 1236 2167 1279 Prom.
2202 1240 2265 1278 11.
2298 1237 2332 1278 1.

179 1320 256 1359 194
291 1326 370 1358 ete.

379 1392 635 1438 ἀναπετῶσαι
679 1396 720 1436 in
749 1406 991 1451 praesente,
1037 1410 1115 1451 pro
1148 1393 1476 1437 ἀναπεταννῦσαι
1516 1396 1583 1436 vel
1618 1392 2002 1447 ἀναπεταννύουσαι,
2049 1405 2094 1437 ut
2124 1411 2192 1452 ap.
2225 1397 2332 1438 alios

177 1479 304 1517 etiam
335 1477 643 1532 posteri0rum3
676 1474 769 1516 Cal.
802 1478 867 1516 21.
900 1475 983 1516 III.
1018 1477 1110 1515 151.

378 1551 541 1610 ὠνάμην
571 1571 648 1612 pro
680 1551 851 1610 ὠνήμην.
912 1555 1030 1596 Dial.
1062 1555 1191 1597 Mort.
1225 1558 1290 1595 22.
1325 1558 1361 1595 2.
1394 1555 1426 1595 Ι.
1459 1557 1554 1595 424.

1209 1712 1304 1765 B.

380 1816 449 1857 De
482 1817 549 1865 iis,
582 1830 692 1869 quae
726 1815 778 1857 atl
812 1816 1012 1870 syntaxin
1043 1816 1271 1871 pertinent,
1305 1814 1610 1870 disputabitur.

1096 1929 1161 1978 lte
1200 1945 1414 1978 inaniet-o.

378 2035 423 2082 a)
454 2021 634 2086 pluralis
669 2031 787 2071 verbi
834 2038 930 2087 post
976 2031 1187 2086 pluralem
1236 2032 1452 2070 nominum
1500 2032 1692 2071 neutrius
1725 2031 1911 2084 generis.
1973 2029 2040 2071 Cf.
2073 2030 2332 2071 Matthiae

177 2111 404 2152 Ausfiihrl.
436 2110 721 2152 Griceliisehe
754 2110 990 2152 Grammat.
1022 2112 1054 2163 ξ.
1087 2113 1180 2153 299.
1231 2109 1368 2150 Rost.
1401 2108 1576 2150 Gricch.
1610 2110 1801 2151 Granun.
1835 2111 1866 2163 ᾗ.
1901 2113 1993 2150 100.
2025 2111 2078 2151 A.
2102 2111 2139 2150 5.
2190 2110 2235 2150 M
2249 2111 2332 2151 atl-

175 2191 264 2245 vig
296 2190 460 2245 Syntax
493 2191 569 2230 der
600 2189 776 2230 Griech.
809 2190 907 2245 Spr.
938 2192 968 2242 ξ.
995 2192 1030 2230 1.
1054 2189 1107 2231 Α.
1132 2191 1168 2230 1.
1218 2190 1463 2243 Krucger
1493 2188 1669 2230 Griech.
1705 2189 1996 2245 Spraehlehre
2027 2190 2095 2230 ffir
2126 2190 2333 2239 Sebuien,

175 2271 205 2323 §.
245 2272 310 2309 (53.
344 2272 381 2310 2.
415 2269 468 2310 A.
495 2273 529 2312 1.
590 2269 708 2310 Nihil
741 2270 990 2311 offensionis
1024 2269 1151 2310 habet
1182 2269 1378 2324 pluralis,
1411 2270 1446 2309 si
1480 2276 1549 2309 aut
1581 2270 1859 2310 animantium
1892 2278 1969 2319 est,
2001 2277 2073 2309 aut
2104 2284 2186 2318 res,
2220 2283 2332 2322 quae

175 2350 334 2404 plurali
368 2349 802 2404 comprehenduntur,
836 2349 1067 2404 separatim
1101 2348 1353 2389 sentientlae
1385 2356 1494 2388 sunt.
1556 2349 1647 2389 Sed
1669 2349 1757 2402 jam
1791 2349 1902 2389 inter
1932 2350 2130 2402 antiquos
2151 2341 2332 2389 'Attico-

174 2444 269 2468 rum
303 2429 534 2483 scriptores
568 2429 653 2469 (luo
685 2429 974 2478 inveniuntur,
1021 2429 1095 2482 qui
1142 2443 1225 2469 non
1272 2434 1515 2468 constanter
1546 2427 1656 2468 hane
1687 2428 1829 2482 legem
1863 2428 1999 2468 secuti
2031 2428 2116 2468 sint
2146 2428 2332 2480 aliisque

173 2507 282 2548 loeis
327 2508 541 2548 interdum
587 2508 746 2563 plurali
785 2515 971 2557 utantur,
1017 2506 1300 2561 Thucydides
1340 2517 1381 2547 et
1419 2508 1682 2562 Xenophon.
1741 2506 1897 2560 Itaque
1935 2507 2210 2561 posteriores,
2257 2507 2331 2560 qui

175 2593 347 2641 praeter
377 2602 484 2640 quas
516 2589 821 2642 proposuimus
852 2587 974 2641 leges
1007 2587 1166 2642 plurali
1200 2588 1263 2627 usi
1291 2594 1402 2635 sunt,
1427 2602 1508 2627 non
1532 2587 1783 2626 manifestae
1806 2587 1985 2625 crimine
2007 2585 2207 2625 atticismi
2231 2599 2332 2640 pro-

177 2665 351 2706 (litiouis
384 2667 618 2706 accusandi
652 2675 762 2716 sunt,
794 2677 838 2706 ut
870 2674 1011 2707 tamen
1044 2667 1184 2707 abusu
1217 2667 1342 2719 hujus
1374 2666 1585 2706 libertatis
1618 2666 1848 2706 declinatio
1881 2665 1934 2705 ab
1967 2665 2241 2719 antiquorum
2265 2665 2330 2704 in-

175 2746 375 2798 tegritate
407 2747 584 2799 agnosci
617 2747 765 2801 possit.
826 2746 944 2787 Inter
975 2761 1047 2786 eos
1081 2747 1313 2800 scriptores
1345 2746 1473 2785 etiam
1506 2745 1616 2786 Luc.
1648 2744 1940 2785 numerandus
1971 2751 2049 2792 est,
2080 2745 2159 2783 etsi
2185 2758 2331 2783 exem-

175 2826 247 2878 pla
279 2840 382 2864 casu
413 2825 597 2879 quodam
631 2840 684 2865 an
716 2825 856 2866 dicam
888 2826 1168 2879 neglegentia
1201 2825 1408 2878 colligere
1441 2825 1578 2867 omisi.
1637 2823 1760 2864 Haec
1792 2822 1976 2863 habeas:
2008 2821 2237 2864 ἐνίστανται
2265 2813 2333 2863 οὖν

171 2900 378 2958 Ὀλύμπια
407 2901 462 2945 τὰ
492 2901 656 2958 μεγάλα
685 2903 847 2945 Herod.
881 2907 916 2945 1.
956 2905 990 2945 1.
1023 2905 1229 2945 832--33.
1289 2901 1346 2944 τὰ
1364 2904 1587 2957 γυναικεῖα
1616 2900 1788 2957 σώματα
1817 2899 2007 2956 πάμπολυ
2035 2902 2113 2943 τῶν
2143 2897 2333 2956 ἀνδρείων

177 2981 404 3036 διαφέρουσι
434 2984 504 3034 (tle
537 2983 627 3024 solo
659 2998 853 3038 corpore,
884 2998 967 3024 non
1001 2984 1052 3024 tle
1083 2990 1168 3024 toto
1191 2983 1425 3033 animante)
1450 2983 1607 3023 Abdie.
1631 2984 1695 3022 25.
1719 2981 1776 3022 11.
1799 2984 1889 3022 183.
1940 2981 1976 3022 οἳ
1995 2978 2050 3022 τὰ
2072 2977 2193 3036 φυτὰ,
2215 2978 2333 3033 μέχρι

176 3058 247 3114 μὲν
277 3059 469 3115 πρόσγειά
500 3061 597 3113 ἐστι,
628 3063 828 3113 σκέπουσι,
861 3059 913 3111 ὡς
942 3059 998 3118 μὴ
1031 3059 1303 3114 βλάπτοιντο
1336 3058 1410 3104 ὑπὸ
1441 3063 1520 3103 τῶν
1550 3058 1785 3115 πνευμάτων
1817 3060 2056 3101 Anachars.
2081 3061 2147 3099 20.
2170 3057 2227 3098 11.
2250 3060 2331 3098 902

179 3139 241 3188 (in
274 3154 357 3193 quo
389 3142 587 3196 exemplo
620 3143 748 3181 etiam
780 3143 943 3181 numeri
981 3143 1256 3183 mutationem
1289 3143 1473 3191 miraris,
1506 3142 1617 3181 sicut
1646 3141 1691 3180 in
1723 3140 1821 3180 hoc:
1868 3136 1942 3180 καὶ
1970 3135 2024 3180 τὰ
2054 3133 2197 3192 νεογνὰ
2228 3136 2331 3178 ἐπει-

178 3215 251 3259 δὰν
282 3217 479 3272 ῥιγῶσιν,
510 3220 551 3269 ἐς
581 3218 734 3275 ταύτην
755 3216 973 3261 ὑποδύεται
998 3220 1095 3261 Ver.
1119 3220 1231 3261 Hist.
1257 3223 1321 3261 24.
1350 3220 1404 3262 11.
1427 3223 1513 3269 90.)
1559 3221 1634 3261 τῶν
1664 3217 1907 3272 ςἓοιυμασίων
1929 3215 2087 3259 ἐκείνων
2107 3214 2332 3272 φασμάτων
