2456 3501
1218 137 1304 180 22

185 301 257 346 καὶ
292 298 455 349 κανόνες
491 296 594 348 ἴδιοι,
633 294 810 350 ἱστορίας
850 293 895 337 δὲ
934 291 1065 344 ἄλλοι)
1107 294 1176 336 De
1208 295 1305 336 hist.
1336 309 1504 338 consor·
1537 298 1576 337 8.
1607 297 1666 339 11.
1701 298 1764 338 11.
1815 295 1853 338 οἱ
1880 294 1954 352 μὲν
1988 294 2127 339 πολλοὶ
2156 293 2340 355 ἀποχρῆν

187 379 322 431 αὐτοῖς
358 378 599 434 νομίζουσιν,
637 375 673 417 εἰ
707 375 872 430 λέγοιεν,
911 372 964 424 ὣς
1002 372 1240 430 συγγνώμης
1277 372 1388 425 ἄξιον
1427 377 1582 417 ποιοῦσι
1617 372 1693 431 τὴν
1721 375 1862 418 πενίαν
1891 376 2098 431 διαφυγεῖν
2127 377 2341 433 ζητοῦντες

186 462 254 503 De
275 460 409 501 Mero.
441 457 490 498 C.
515 459 552 496 5.
576 456 610 497 1.
633 457 727 495 659.
772 455 911 496 κοινῶν
941 453 986 495 δὲ
1018 451 1070 504 ὡς
1100 453 1246 495 ἐπίπαν
1275 451 1397 496 ὄντων
1425 456 1504 496 τῶν
1532 453 1828 510 ξυμβαινόντων
1858 454 1988 497 ἅπασι
2015 456 2150 511 δῆλον,
2180 452 2240 506 ὦς’
2263 453 2339 499 οὐκ

185 538 371 593 ἐξαίρετα
399 535 485 591 μὲν,
515 533 660 589 αἰσχίω
689 532 734 576 δὲ
761 531 817 575 τὰ
849 529 958 575 αὐτὰ
988 530 1090 576 ὅντα
1118 532 1299 589 γίγνεται
1326 539 1412 584 τοῖς
1441 536 1733 590 φιλοσοφοῦσιν,
1763 534 1798 577 εἰ
1826 536 1904 577 τῶν
1934 531 2080 589 ὁμοίων
2098 539 2184 585 τοῖς
2203 532 2341 586 ἄλλοις

185 615 353 669 ἀξιοῖντο
387 616 563 670 (quibus
595 629 668 655 eos
700 613 889 668 digna-ri,
922 614 1048 655 modo
1080 614 1273 659 dictum.)
1308 614 1376 655 De
1408 614 1546 657 Mero.
1579 613 1629 655 C.
1653 617 1691 654 4.
1725 630 1765 670 p.
1785 617 1878 656 657.
1910 615 1963 657 cf.
1995 612 2042 656 οὐ
2071 610 2129 656 τὰ
2157 613 2205 657 ἐκ
2233 616 2341 657 δυοῖν

184 702 263 738 τοῖν
292 694 522 738 καλλίστοιν
552 693 795 749 συγκεῖσῗδαι
827 690 1003 748 ἀπόχρη,
1034 691 1068 735 εἰ
1099 691 1262 749 μὴγκαί
1290 689 1313 735 4
1348 691 1456 748 μίξις
1485 691 1718 749 ἐναρμόνιος
1745 692 1917 748 γίγνοιτο
1959 693 2104 735 Prom.
2135 695 2174 735 5.
2207 693 2241 735 1.
2271 696 2339 736 30.

708 806 760 848 B.
818 805 1139 861 Commta-tirus
1168 821 1261 862 pro
1300 805 1522 861 Optativo
1555 812 1819 861 usurpatus.
1866 804 1869 806 ’

387 900 435 940 In
468 914 554 954 qua
584 914 630 938 re
663 897 901 948 Lucianus,
940 907 985 938 ut
1010 898 1100 951 jam
1134 912 1267 953 supra
1298 898 1558 952 significavi,
1599 898 1793 953 exceptis
1826 898 2085 951 quibusdam
2118 898 2226 939 locis
2259 896 2338 938 At·—

186 983 363 1021 ticorum
396 979 650 1020 modestiam
683 979 756 1018 vix
787 977 990 1027 excessit,
1024 977 1109 1018 imo
1142 978 1386 1032 aliquorum
1419 978 1693 1032 scriptorum,
1727 984 1771 1017 ut
1801 976 2088 1033 Thucydidis,
2120 978 2338 1019 licentiam

188 1060 371 1101 nondum
404 1058 620 1112 aequavit.

892 1115 940 1166 a)
989 1127 1029 1154 α.
1068 1113 1112 1153 in
1143 1113 1378 1153 sententiis
1405 1111 1635 1168 finalibus.

386 1195 526 1249 Kriig.
559 1196 625 1235 54.
658 1196 695 1235 8.
729 1197 766 1234 ⁶2.
818 1193 968 1234 Madv.
1004 1195 1096 1242 131,
1131 1193 1155 1233 b
1189 1201 1230 1233 et
1262 1193 1316 1233 A.
1351 1195 1472 1235 1—2.

383 1270 511 1330 ἡδέως
541 1271 572 1314 δ’
594 1271 643 1315 ἂν
673 1270 874 1328 ἐπριάμην
903 1269 1136 1328 ληῖῖεδανόν
1165 1287 1206 1314 τι
1236 1270 1467 1328 φάρμακον,
1500 1268 1558 1322 ὦς
1587 1269 1645 1328 μή
1677 1286 1716 1313 τι
1746 1270 1877 1314 κακὸν
1897 1269 2123 1328 ἐργάσηται
2144 1272 2340 1328 Philops.

186 1360 251 1396 559.
283 1354 362 1395 111.
394 1356 460 1394 65.
511 1353 633 1408 ἐχρῆν
673 1350 786 1394 κατὰ
808 1351 878 1394 ατὰ
913 1352 1126 1407 Βακτρίων
1162 1351 1317 1407 πάτρια
1356 1352 1635 1406 διαλέγεσῗςαι,
1677 1348 1729 1402 ὡς
1758 1350 2005 1407 ἐκμάῇῃςῆ
2038 1351 2242 1394 Pseudol.
2276 1353 2339 1392 14.

187 1434 266 1475 111.
292 1436 380 1475 173.
430 1430 774 1488 xate‘itpot66vet0‚
808 1428 860 1482 ὥς
889 1430 1191 1486 ᾖαυμάσωνται
1223 1433 1340 1475 Dial.
1371 1432 1501 1473 Mort.
1534 1435 1600 1473 21.
1633 1435 1670 1473 2.
1694 1432 1728 1473 Ι.
1750 1435 1845 1473 421.
1894 1429 1968 1474 καί
1997 1429 2186 1487 φεύγουσι
2216 1429 2340 1472 δεδιό-

188 1527 265 1563 τες,
295 1511 350 1568 μὴ
380 1510 727 1568 περιπηδήσαντες
758 1516 879 1568 (pt-o:
912 1511 998 1554 ἐπεὶ
1025 1509 1366 1569 περιεπηδήσατε,
1399 1501 1458 1553 sc.
1492 1512 1714 1568 praeteriti
1747 1512 1877 1552 habet
1909 1512 2029 1562 vim),
2060 1507 2114 1560 ὡς
2137 1507 2252 1552 κατὰ
2271 1508 2340 1552 νώ-

189 1607 256 1634 του
292 1593 476 1646 γένησῖῑε,
507 1590 768 1647 περιπλέξητε
800 1593 967 1634 Anach.
999 1594 1067 1633 31.
1099 1592 1157 1633 11.
1190 1595 1284 1633 912.
1344 1592 1475 1633 Mixti
1515 1592 1642 1633 ambo
1674 1591 1809 1632 modi:
1849 1588 2021 1640 πολλοὺς
2052 1586 2186 1633 αὐτῶν
2215 1588 2343 1646 ἐώρων

188 1668 393 1723 ἀπιόντας,
424 1669 475 1722 ὡς
504 1670 804 1727 λοιδορήσαιντο
835 1676 920 1722 τοῖς
949 1670 1235 1727 ξυνεληλυῇόσι
1273 1670 1347 1713 καὶ
1377 1672 1476 1728 βοῆς
1504 1669 1573 1713 τον
1604 1667 1876 1725 όπισῗῑόδομον
1908 1668 2163 1726 ἐμπλήσωσιν
2194 1670 2340 1725 Fugit.

189 1755 226 1792 7.
243 1751 435 1792 111369.
480 1748 555 1793 οὐκ
585 1749 706 1793 ἄλλου
735 1766 806 1793 του
826 1749 944 1806 χάριν
974 1749 1274 1808 μιλτοπαρήους
1303 1744 1378 1808 ἦγε
1397 1749 1474 1801 τὰς
1503 1749 1645 1808 ναῦςῆ
1668 1748 1792 1800 ὅπως
1822 1749 2058 1806 ἐκπλήττειν
2088 1749 2164 1805 ἔχῃ
2195 1751 2340 1791 Chai-id.

189 1832 255 1871 25.
286 1831 365 1871 111.
399 1834 492 1872 634.
542 1829 699 1886 μακρὸν
730 1829 779 1873 ἂν
809 1830 870 1887 εἴη
903 1829 1207 1888 διηγήσασῖῖαι,
1239 1829 1293 1881 ὡς
1323 1833 1497 1888 συνῆσαν
1527 1828 1546 1873 ὁ
1577 1829 1649 1886 μὲν
1679 1828 1818 1872 πάντα
1847 1829 1990 1885 τρόπον
2020 1827 2341 1884 ἐπιμελούμενος,

189 1907 294 1959 ὅπως
323 1908 470 1965 ἥδιστα
500 1910 696 1966 διατρίψῃ
728 1911 848 1966 Scyt.
880 1914 918 1952 8.
952 1911 987 1952 Ι.
1021 1914 1115 1952 867.
1162 1911 1303 1953 ἔπειτα
1333 1909 1377 1952 δὲ
1407 1907 1527 1960 ναοὺς
1557 1909 1783 1965 ἐγείραντες
1821 1907 1927 1959 (ἐπεὶ
1955 1907 2118 1965 ἤγειραν
2139 1933 2192 1939 -
2215 1925 2341 1965 prac-

191 1991 392 2041 tcritum)‚
422 1985 473 2032 ἵν’
503 1988 643 2040 αὐτοῖς
672 1987 728 2046 μὴ
758 1988 892 2033 ἄοικοι
922 1982 1013 2032 ὦσιν
1045 1991 1114 2032 De
1137 1991 1257 2033 Sacr.
1284 1993 1346 2031 11.
1377 1991 1410 2032 1.
1434 1993 1529 2032 534.
1581 1989 1617 2032 οῖ
1647 1988 1691 2032 δὲ
1720 1988 1890 2040 ῗῑύοντες
1919 1987 2189 2040 ἐξετάσαντες
2219 1990 2341 2039 (item

197 2071 503 2123 praeteritum),
535 2069 570 2112 εἰ
608 2069 764 2120 ἐντελὲς
793 2070 879 2127 εἴη,
909 2070 979 2112 ἰ’να
1008 2068 1113 2127 μηδὲ
1142 2072 1220 2113 τῶν
1251 2067 1465 2126 ἀχρήστων
1494 2085 1533 2111 τι
1562 2067 1905 2124 κατασφάττωσι,
1946 2055 2188 2124 προςάγουσι
2218 2068 2274 2110 ib.
2305 2083 2341 2110 c.

196 2151 256 2190 12.
290 2164 326 2203 p.
359 2151 452 2190 53⁴5.
896 2144 900 2146 ’

869 2210 903 2259 β.
950 2209 995 2248 ‘effu
1028 2209 1281 2249 enmzciatis
1315 2207 1657 2262 temporalibus.

391 2285 530 2340 Kriig.
562 2287 627 2327 54.
662 2288 725 2327 17.
758 2288 797 2327 4.
848 2287 999 2328 Madv.
1034 2290 1127 2329 132.
1160 2288 1200 2328 b.

392 2361 509 2415 ἐκτὸς
537 2364 572 2406 εἰ
602 2362 658 2422 μὴ
690 2362 806 2408 τοῦςέ
835 2362 1029 2418 ὑπολάβοι
1059 2381 1133 2419 τις,
1170 2363 1222 2416 ὡς
1247 2363 1425 2422 Ὀρσόης
1453 2380 1515 2417 τις
1545 2363 1724 2422 εἱστήκει
1751 2364 1979 2420 περιμένων,
2025 2360 2109 2406 ἔστ’
2135 2363 2184 2406 ἂν
2213 2367 2342 2421 Σευη·

193 2439 322 2494 ριοινξς
359 2443 460 2501 λιμῷ
497 2441 701 2500 ἀπόληται
732 2448 796 2498 (ut
826 2447 1013 2497 videtur,
1045 2447 1100 2487 ad
1129 2447 1264 2487 futuri
1297 2448 1558 2502 optativum,
1591 2448 1666 2500 qui
1698 2446 1956 2494 inusitatior,
1995 2445 2240 2494 vitandum)
2271 2445 2341 2487 De

194 2523 288 2562 hist.
312 2538 472 2563 consor.
496 2526 561 2564 21.
585 2524 642 2564 11.
661 2527 751 2573 303
785 2535 913 2580 atque
946 2526 1054 2568 adeo
1086 2541 1184 2567 cum
1217 2527 1517 2579 conjunctione
1549 2527 1642 2567 sine
1675 2523 1724 2566 ἄν
1754 2525 1916 2580 posita:
1947 2523 2166 2566 συνέκοπτέ
2184 2538 2248 2579 με,
2269 2522 2342 2573 30<

192 2599 418 2655 ἐπεγείρωσί
447 2617 497 2656 με
527 2601 571 2644 αἱ
598 2603 752 2658 πληγαί
782 2606 1021 2660 (optativus
1053 2621 1103 2647 eo
1135 2606 1275 2660 magis
1309 2607 1582 2646 necessarius
1606 2605 1791 2653 videtur,
1815 2603 1930 2657 quod
1953 2604 2006 2643 de
2029 2604 2342 2645 consuetudine

194 2681 370 2729 dicitur;
402 2682 544 2735 itaque
577 2683 821 2724 Lucianum
854 2685 916 2725 sic
949 2685 1141 2725 scribere
1171 2686 1379 2740 potuisse,
1412 2686 1485 2725 vix
1519 2684 1712 2734 credam)
1745 2685 1800 2723 As.
1833 2685 1900 2723 30.
1933 2682 1991 2722 II.
2014 2682 2195 2734 '5f)9**).

391 2775 427 2813 γ.
474 2760 713 2816 Sejungere
751 2763 857 2803 mihi
901 2765 1043 2804 visum
1089 2772 1154 2806 est
1197 2780 1249 2805 ea
1280 2765 1493 2820 exempla,
1538 2766 1582 2805 in
1614 2763 1773 2818 quibus
1805 2769 1901 2818 post
1932 2764 2225 2818 optativum
2257 2777 2340 2818 po-

394 2896 431 2946 *)
461 2899 625 2938 Rectius
657 2901 719 2938 hic
749 2896 817 2938 ἵνα
848 2915 934 2940 cum
965 2903 1182 2942 indicativo
1214 2904 1437 2953 imperfecti
1467 2907 1711 2953 usurpasset.

394 2963 458 3014 >Μ)
490 2967 580 3006 Non
613 2970 662 3006 ab
694 2970 921 3007 Atticorum
955 2972 1095 3020 solum,
1129 2972 1200 3009 sed
1231 2985 1255 3009 a
1286 2971 1528 3009 Graecorum
1559 2972 1712 3010 ratione
1745 2968 1933 3007 abhorret
1954 2969 2227 3020 conjunctivus
2250 2974 2343 3018 post

196 3024 247 3076 ὥς
278 3032 614 3082 interrogativum,
663 3038 928 3085 praecedente
962 3039 1079 3076 etiam
1111 3040 1345 3089 praeterito,
1385 3041 1493 3088 quod
1525 3037 1663 3088 Philop.
1696 3039 1761 3076 25.
1795 3037 1868 3074 III.
1903 3039 1997 3075 613.
2030 3038 2197 3087 legitur:
2241 3047 2342 3075 κατ·

196 3094 411 3151 εφλυάρουν
441 3097 494 3140 τὰ
525 3096 656 3141 αὑτῶν
686 3099 880 3156 ἐράσμια,
927 3099 979 3152 ὣς
1008 3105 1292 3158 μεταλλαγῶσι
1327 3100 1383 3145 τὰ
1412 3102 1641 3158 πράγματα
1686 3106 2042 3155 „quemadmodum
2072 3117 2135 3142 res
2167 3111 2341 3142 mutatae

197 3167 363 3206 essen&
425 3169 484 3207 De
520 3171 740 3220 scripturae
779 3173 949 3211 sanitate
988 3181 1079 3212 sunt
1125 3176 1192 3224 qui
1229 3175 1461 3222 dubitarint,
1507 3175 1545 3212 in
1576 3174 1704 3223 iisque
1737 3173 1993 3211 Fritzschius.
2056 3171 2138 3210 Sed
2167 3173 2206 3210 in
2238 3172 2340 3210 libro

196 3236 354 3273 omnino
385 3236 523 3275 insano
556 3239 652 3287 quid
685 3239 826 3278 attinet
855 3241 1090 3291 dijudicare,
1125 3243 1220 3292 quid
1251 3243 1378 3280 minus
1411 3248 1478 3280 aut
1508 3243 1634 3291 magis
1666 3242 1846 3279 insanum
1878 3240 2083 3279 videatur?
