2456 3501
1246 104 1331 150 38

214 264 326 303 tivus
358 263 521 317 positus
553 262 621 311 sit,
653 262 733 303 hoc
763 262 853 303 fere
885 268 1060 303 auctore
1093 262 1177 303 sibi
1209 264 1400 305 volente:
1435 264 1472 307 οῖ
1499 269 1579 308 τῶν
1606 265 1829 323 τρεχόντων
1858 265 1980 317 πόδες
2009 267 2230 322 ἐρείδονται
2261 268 2366 326 πρὸς

210 338 257 382 τὸ
286 337 456 394 στερῤόν.

414 418 500 460 Pro
529 416 663 460 κατά
694 435 804 461 eum
835 428 1006 474 genet.
1040 429 1136 476 post
1169 422 1304 463 verba
1335 426 1637 466 accusandi.
1689 425 1813 468 Duos
1846 427 1962 482 apud
1994 427 2194 482 antiquos
2225 430 2368 484 reperi

211 500 341 548 locos,
373 498 531 552 quibus
562 496 673 554 πρὸς,
705 515 789 541 non
822 497 937 541 κατά
968 500 1132 541 dictum
1164 508 1228 541 est
1261 501 1507 550 (Demosth.
1531 519 1572 560 p.
1598 507 1718 553 1103,
1742 507 1807 546 25.
1839 514 1881 546 et
1917 508 2036 555 1140,
2058 508 2132 557 4.),
2164 507 2241 547 sed
2272 518 2369 562 post

213 578 392 617 verbum
425 575 654 629 εἰςιέναι,
700 579 816 633 quod
846 594 932 620 non
963 581 1161 635 proprie,
1208 581 1284 621 sed
1317 596 1395 636 per
1426 583 1749 624 translationem
1782 599 1990 625 accusare
2021 586 2260 639 significat3
2306 594 2369 627 est

209 657 322 697 enim
354 658 570 712 principio
601 658 783 698 verbum
815 659 1029 708 movendi,
1071 674 1094 699 a
1127 666 1211 713 quo
1243 657 1348 714 πρός
1380 676 1463 702 non
1496 661 1712 702 abhorret.
1773 662 1972 713 Accedit,
2017 664 2134 718 quod
2167 664 2275 705 alter
2305 664 2369 706 lo-

210 750 285 776 cus
315 751 369 776 ne
399 737 440 776 in
472 751 680 790 germana
711 737 886 791 quidem
919 738 1227 780 Demosthenis
1260 741 1455 781 oratione
1488 738 1617 793 (κατὰ
1649 738 1831 796 Εὐέργου
1860 741 1934 784 καί
1956 740 2253 798 Μνησιβούλου)
2289 755 2366 784 est.

209 813 411 855 Ceterum
458 816 502 856 in
546 812 595 868 „5
624 815 722 872 πρὸς
750 816 950 873 Λεπτίνην
979 815 1124 872 λόγος“
1169 816 1270 873 πρός
1318 834 1402 860 non
1434 825 1599 861 contra
1630 836 1739 871 esse,
1781 837 1834 862 ex
1866 822 2138 876 Argumento
2170 823 2224 863 ad
2256 823 2365 864 hanc

209 896 442 935 orationem
475 910 516 950 p.
547 897 629 936 412
662 898 934 950 cognoveris.
994 896 1100 938 Post
1131 898 1266 938 verba
1298 907 1455 948 autem,
1507 914 1619 953 quae
1659 902 1834 956 proprie
1866 916 2073 942 accusare
2105 903 2366 957 significant,

207 972 305 1028 πρός
334 989 419 1015 non
450 974 505 1015 ad
536 975 834 1016 adversarium
867 984 1047 1031 spectat,
1081 977 1157 1017 sed
1191 977 1245 1018 ad
1269 979 1556 1031 judicium,
1589 980 1639 1019 in
1663 995 1747 1033 quo
1771 979 1925 1034 (apud
1949 981 2081 1034 quod)
2104 996 2237 1022 causa
2259 996 2363 1036 age-

209 1053 350 1102 batur,
383 1054 497 1094 velut
528 1052 765 1109 γράφεσῗςαί
793 1052 892 1109 πρὸς
921 1053 1017 1105 τοὺς
1046 1056 1313 1111 ῗνεσμοῖῑέτας
1346 1058 1502 1111 (λαχεῖν
1532 1056 1634 1112 πρός
1657 1092 1664 1099 .
1689 1091 1696 1099 .
1721 1064 1749 1107 .)
1782 1068 1862 1099 ete.
1908 1058 2189 1101 Recentiores
2221 1069 2364 1101 autem

206 1130 305 1187 πρός
335 1134 465 1173 etiam
498 1135 553 1174 ad
584 1135 949 1175 adversarium
982 1137 1222 1177 retulerunt
1254 1144 1384 1190 atque
1417 1138 1598 1192 primus,
1630 1138 1746 1191 quod
1779 1139 1928 1187 sciam,
1962 1139 2220 1180 Aristoteles
2242 1138 2365 1180 Rhet.

209 1215 245 1253 2.
279 1228 314 1254 o.
338 1215 404 1253 24.
438 1209 676 1269 Ἰφικράτης
707 1213 748 1255 ἐν
776 1215 829 1269 τῇ
861 1210 960 1269 πρὸς
983 1211 1210 1270 Ἁρμόδιον.
1272 1216 1346 1257 Sic
1379 1218 1509 1257 etiam
1541 1217 1649 1259 Luc.
1680 1213 1839 1273 γραφὴν
1869 1217 1991 1258 &Sem-0
2022 1216 2068 1260 τὸ
2097 1219 2241 1273 Σῖγμα
2269 1218 2368 1274 πρὸς

207 1288 252 1333 τὸ
287 1293 379 1334 Ταῦ
409 1290 474 1334 ἐπὶ
503 1294 579 1334 τῶν
609 1291 716 1335 ἑπτὰ
747 1295 988 1350 Φωνηέντων
1017 1295 1121 1336 Jud.
1156 1295 1260 1337 Voo.
1289 1299 1322 1336 1.
1359 1296 1392 1336 Ι.
1416 1299 1497 1346 82.,
1530 1297 1572 1336 in
1606 1297 1766 1350 quibus
1798 1297 1943 1336 verbis
1975 1295 2041 1338 ἐπί
2071 1299 2124 1338 ad
2149 1297 2365 1351 judicium

209 1379 387 1426 spectat,
419 1373 462 1412 id
495 1373 610 1426 quod
642 1374 738 1413 aliis
761 1375 889 1414 etiam
914 1375 1040 1416 locis:
1073 1372 1131 1430 μή
1162 1388 1225 1424 τις
1254 1372 1367 1430 ἡμᾶς
1396 1373 1606 1430 γράφηται
1636 1372 1829 1427 ἀσεβείας
1859 1374 1923 1417 ἐπὶ
1953 1373 2365 1431 τοῢῬαδαμοίνςῖυος

208 1452 371 1504 Necyom.
406 1454 442 1491 2.
476 1451 509 1491 Ι.
541 1454 636 1493 458.
680 1451 894 1508 γράψομαί
924 1468 969 1496 σε
997 1452 1240 1510 παρανόμων
1270 1452 1336 1496 ἐπὶ
1365 1457 1436 1497 τοῦ
1459 1451 1787 1509 Ῥαὸαμάνςόυος
1819 1455 1972 1511 Catap.
2009 1459 2071 1497 15.
2104 1455 2137 1496 Ι.
2161 1459 2255 1496 ⁴340.
2289 1472 2365 1496 nec

207 1544 289 1571 non
322 1531 438 1586 apud
471 1532 670 1586 antiquos
705 1534 920 1574 interdum
953 1535 1181 1575 invenitur.

1172 1649 1216 1697 4)
1253 1650 1402 1690 ΠΕΡΙ.

1065 1730 1112 1776 a)
1149 1742 1243 1768 cum
1272 1729 1508 1783 yenetivo:

409 1804 576 1845 Locum
623 1805 840 1857 adnotavi,
888 1807 929 1846 in
970 1822 1054 1860 quo
1099 1806 1189 1862 περί
1222 1809 1421 1848 similiter
1452 1808 1557 1848 mihi
1590 1817 1883 1849 constructum
1916 1809 2088 1850 videtur
2119 1816 2248 1864 atque
2277 1807 2364 1863 πρὸ

207 1884 396 1923 construi
428 1899 560 1938 supra
592 1885 804 1926 vidimus:
849 1883 895 1926 τὸ
925 1888 1073 1940 ψεῦδος
1109 1885 1198 1942 περὶ
1227 1889 1374 1929 πολλοῦ
1405 1888 1482 1943 τῆς
1514 1885 1719 1944 ἀληῖῑείας
1749 1888 1937 1931 τίίτενται
1983 1887 2177 1944 Philops.
2215 1891 2248 1929 1.
2281 1888 2363 1929 111.

207 1964 399 2012 29—30„
431 1979 528 2003 nam
560 1962 648 2019 περὶ
678 1966 825 2007 πολλοῦ
856 1966 932 2022 τῆς
954 1963 1160 2022 ἀληῗῖείας
1184 1977 1247 2008 est
1270 1968 1399 2017 idem,
1424 1968 1540 2022 quod
1561 1969 1693 2025 πολλῷ
1714 1967 1803 2023 περὶ
1823 1970 1899 2024 τῆς
1920 1965 2136 2024 ἀληῗςείας,
2158 1984 2254 2008 eum
2276 1967 2366 2022 περί

207 2056 283 2095 pro
313 2039 495 2096 περισσόν
525 2044 591 2083 vel
623 2045 756 2085 πλεῖον
804 2054 867 2097 (ιιι
898 2047 1015 2102 apud
1046 2046 1285 2087 Homerum
1318 2051 1556 2102 poetasque
1588 2063 1742 2102 saep03
1792 2048 1937 2088 Attice
1970 2063 2072 2088 vero
2105 2048 2362 2088 dicendum:

208 2118 297 2174 περὶ
325 2120 504 2172 πλείονος
532 2123 714 2173 τιὲέναι)
749 2125 1055 2180 ειοοίρῐιηυε*),
1088 2127 1170 2166 nisi
1203 2142 1305 2167 vero
1336 2123 1426 2180 πρὸ,
1461 2127 1576 2180 quod
1608 2125 1845 2168 Jacobsius
1867 2128 2063 2180 conjecit,
2087 2126 2362 2167 scribendum

207 2208 282 2240 est.
343 2201 452 2242 Sunt
485 2203 558 2256 qui
588 2204 734 2244 πολλοῦ
767 2205 900 2246 verbo
932 2207 1217 2261 comparativi
1254 2206 1444 2246 tribuant
1485 2207 1573 2246 vim
1605 2216 1734 2261 atque
1767 2208 1880 2247 idem
1913 2222 2007 2247 esse
2040 2207 2155 2260 quod
2184 2205 2364 2255 πλείονος

209 2280 482 2331 arbitrentur,
516 2283 631 2336 quod
664 2283 772 2324 alias
795 2285 923 2324 etiam
948 2285 1160 2340 positivus
1184 2300 1261 2340 pro
1285 2287 1580 2340 comparativo
1603 2286 1824 2326 adhibitus
1848 2301 1942 2326 esse
1966 2287 2221 2325 inveniatur.
2274 2285 2361 2326 Sed

208 2360 286 2400 hoo
331 2361 468 2401 tribus
514 2362 621 2402 loeis
667 2364 895 2418 reperitur,
942 2372 1015 2404 aut
1047 2361 1147 2406 ὥστε
1179 2366 1395 2419 particula
1427 2381 1525 2405 cum
1556 2367 1770 2406 infinitivo
1802 2373 2009 2419 sequente
2042 2365 2192 2418 (Kriig
2223 2368 2289 2406 49.
2325 2367 2360 2404 1.

209 2439 313 2479 Mat.
346 2442 376 2492 ξ.
410 2442 537 2491 amm,
570 2449 642 2481 aut
672 2439 699 2497 ἤ
733 2451 952 2496 sequente,
985 2452 1032 2483 ut
1062 2443 1115 2484 de
1148 2446 1432 2499 comparativi
1467 2446 1506 2485 vi
1541 2444 1731 2485 dubitari
1762 2460 1846 2485 non
1878 2444 2013 2499 possit
2046 2444 2171 2496 (Mat.
2203 2445 2234 2496 ξ.
2267 2445 2360 2483 457.

207 2519 261 2558 Α.
296 2521 365 2568 1.),
412 2528 482 2560 aut
515 2521 550 2561 si
583 2522 625 2560 in
658 2522 870 2575 adjectivo
904 2524 1187 2578 comparativi
1221 2525 1286 2564 vis
1318 2526 1441 2574 inest,
1489 2535 1535 2565 ut
1565 2521 1748 2579 περισσὸς
1780 2524 2005 2577 adjectivo.
2066 2523 2220 2577 Itaque
2253 2523 2360 2563 hano

206 2600 412 2639 rationein
444 2601 561 2640 nullo
594 2601 719 2642 modo
753 2602 978 2643 admittere
1010 2618 1253 2658 possumus.

1086 2682 1129 2732 b)
1167 2697 1261 2723 cum
1295 2683 1480 2724 datico:

410 2758 492 2801 Pro
523 2759 612 2815 περί
643 2777 738 2801 cum
772 2777 939 2802 aecus.
971 2781 1028 2796 =
1059 2763 1227 2802 circum
1274 2763 1356 2802 nisi
1398 2764 1512 2818 apud
1550 2762 1731 2804 Jonicos
1774 2764 2007 2818 scriptores
2047 2770 2177 2816 atque
2208 2766 2358 2818 poetas

208 2853 422 2891 nunquam
454 2840 544 2880 fere
576 2842 802 2895 reperitur.
864 2841 1137 2882 Pauoissima
1169 2842 1294 2895 hujus
1327 2843 1387 2882 rei
1421 2843 1622 2898 exempla
1653 2858 1704 2882 ex
1737 2841 2011 2896 Thucydide,
2046 2841 2241 2890 Platone,
2264 2842 2358 2881 Xe-

210 2918 422 2972 nophonte
453 2928 675 2960 eruuntur.
736 2920 870 2975 Apud
903 2921 1147 2961 Lucianum
1180 2919 1268 2975 περί
1298 2937 1394 2962 cuin
1429 2922 1513 2962 dat.
1546 2922 1875 2962 usitatissimum
1909 2930 1992 2961 est:
2025 2917 2360 2974 ἀνακυλιομένους

207 2994 278 3035 καὶ
306 2995 527 3051 τραύματα
557 2997 842 3052 λαμβάνοντας
871 2997 960 3053 περὶ
990 2999 1199 3055 τραχείαις
1229 3004 1322 3050 ταῖς
1350 3001 1515 3055 πέτραις
1547 3003 1653 3042 Rhet.
1677 3003 1798 3041 naec.
1830 3002 1868 3040 3.
1902 3000 1983 3040 111.
2008 3003 2045 3040 4.
2092 2999 2360 3054 συντριβέντος

409 3133 446 3183 >¹‘)
483 3136 726 3174 Fritzsehius
765 3137 803 3174 in
842 3139 1115 3177 recentissima
1151 3152 1235 3187 sua,
1278 3152 1378 3188 quae
1419 3141 1470 3178 ad
1502 3153 1560 3178 me
1594 3139 1712 3177 modo
1745 3140 1902 3188 perlata
1933 3149 2004 3186 est.
2040 3138 2213 3176 editione
2245 3131 2357 3188 παρὰ

205 3193 303 3239 πελῦ
335 3202 407 3253 τῆς
438 3196 640 3255 ἀληῖςείας
668 3201 930 3254 προτίῇενται
960 3219 1038 3244 non
1069 3208 1283 3245 infeliciter
1314 3209 1492 3245 tentavit.
