2456 3501
1105 134 1184 178 53

74 292 212 336 καίτοι
247 295 325 336 τῶν
362 290 579 348 δραμάτων
617 284 661 334 εὖ
699 289 871 346 ἐχόντων
899 290 973 334 καί
1001 289 1289 349 νενικηκότων;
1332 291 1456 346 Nigr.
1488 294 1526 333 8.
1558 292 1592 333 Ι.
1623 294 1690 332 47.
1734 292 1854 334 τοῦτο
1884 289 2123 344 δεινότατον,
2153 289 2218 334 ’ότι

74 371 211 415 καίτοι
245 374 320 428 τῆς
359 370 500 427 Τύχης
537 371 842 426 μαρτυρομένης
875 370 1028 421 παίζειν
1061 370 1117 413 τὰ
1153 374 1232 413 τῶν
1268 367 1489 425 ἀνδρώπων
1527 368 1601 412 καὶ
1630 366 1902 426 ὁμολογούσης
1931 369 2056 426 μηδὲν
2087 367 2216 412 αὐτῶν

75 445 177 492 εἶναι
205 450 363 507 βέβαιᾳν
390 449 502 505 ὅμως
533 446 737 505 ὀρέγονται
766 447 937 491 πλούτου
967 449 1089 504 Nigr.
1123 453 1188 490 20.
1220 450 1254 490 Ι.
1286 453 1352 490 58.
1400 448 1517 498 δίδως
1548 446 1687 498 αὐτοῖς
1716 449 1833 503 ἔχειν,
1863 448 2000 491 καίτοι
2025 447 2219 505 ἀντιλαμ-

76 530 301 584 βανομένων
329 530 404 571 τῶν
436 527 565 570 ἄλλων
595 529 744 569 Herm.
766 530 832 569 36.
855 528 889 569 Ι.
913 532 1003 569 779.
1051 527 1224 584 ποιήσας
1252 525 1299 570 τὸ
1322 528 1496 582 βλέμμα,
1526 526 1662 569 καίτοι
1682 530 1887 582 γελῶντος,
1908 529 2108 583 ῗῑηριῶδες
2127 527 2218 570 ὅλον

77 609 211 649 Zeux.
243 611 281 648 6.
313 608 347 648 1.
379 609 472 649 843.
518 603 740 662 ὑπογράψω
771 602 894 648 αὐτὸν
922 608 978 664 τῷ
1006 604 1124 663 λόγῳ,
1156 606 1290 649 καίτοι
1321 603 1378 662 μὴ
1408 604 1512 648 πάνυ
1542 604 1740 662 γραφικός
1769 621 1830 656 τις
1859 605 1910 648 ὥν
1940 608 2065 648 Alex.
2087 611 2125 648 3.
2158 608 2216 649 11.

76 689 169 727 209.
207 683 378 744 Ὁμήρῳ
414 685 548 728 καίτοι
585 683 683 740 πρὸς
711 683 758 728 τὸ
790 685 975 741 μυῖῑῶδες
1003 683 1057 728 τὰ
1091 688 1262 728 πλεῖστα
1293 682 1584 740 συγγεγραφότι
1619 683 1814 727 πιστεύειν
1858 684 1963 735 τινὲς
1994 684 2218 740 ὑπάγονται

72 764 144 806 De
176 766 270 806 hist.
303 781 466 807 conscr.
498 768 564 805 40.
598 765 654 805 Il.
677 767 743 805 54.
791 763 926 806 καίτοι
953 780 1000 819 γε
1029 764 1188 819 ἔχοντες
1217 762 1350 814 καλὰς
1381 763 1560 818 &vestm
1588 769 1783 819 γυναῖκας
1815 763 2072 815 συνελῗδόντες
2102 766 2217 821 ε’μνη-

73 842 260 886 στεύοντο
291 846 436 885 Charta.
470 846 533 885 17.
566 843 647 886 111.
679 846 772 885 628.

879 923 923 975 h)
964 937 1057 963 cnm
1089 923 1226 964 verbo
1255 922 1412 977 finito:

275 1001 391 1043 Huic
423 1003 535 1043 enim
561 1003 770 1056 junctum,
803 1016 914 1056 quae
946 1003 1071 1043 solita
1101 1010 1164 1042 est
1195 1004 1466 1055 antiquorum
1507 1004 1785 1052 constructio,
1815 1010 1977 1043 tantum
2011 1004 2052 1043 in
2086 1003 2213 1044 abso-

73 1081 173 1121 lutis
206 1081 321 1136 apud
355 1082 450 1121 illos
482 1082 698 1121 invenitur
729 1082 962 1130 sententiis,
995 1081 1109 1136 apud
1142 1081 1384 1121 Lueianum
1417 1089 1556 1121 autem
1591 1082 1843 1136 saepissime
1879 1084 1921 1122 in
1945 1083 2213 1124 secundariis

71 1161 311 1200 enunciatis
344 1161 518 1214 legitur.
561 1160 615 1202 Et
647 1175 747 1201 vero
780 1161 886 1201 haee
918 1161 1008 1213 ejus
1039 1161 1147 1200 ratio
1169 1160 1265 1214 plus
1288 1160 1413 1200 etiam
1441 1160 1687 1201 offensionis
1711 1160 1870 1200 habere
1892 1161 2061 1201 videtur
2084 1176 2213 1215 quam

74 1239 210 1279 altera
241 1239 315 1279 illa
347 1254 424 1294 per
454 1240 745 1294 participium,
776 1240 811 1279 si
844 1239 1017 1293 quidem
1044 1239 1150 1279 haee
1174 1239 1456 1279 similitudine
1482 1255 1577 1280 cum
1600 1237 1746 1293 καίπερ
1768 1240 1994 1290 nitebatur,
2017 1241 2092 1281 illa
2116 1256 2215 1282 vero

76 1318 277 1371 analogia
308 1327 437 1358 caret.
495 1317 596 1360 Jam
628 1319 776 1358 videas
809 1318 1025 1373 exempla:
1065 1316 1326 1366 καῖῖέζεσῖΐαί
1355 1333 1405 1371 με
1435 1316 1616 1358 ἐκέλευεν
1645 1315 1780 1372 ἠρέμα
1810 1317 1994 1372 ἐγκλίνας
2022 1319 2075 1374 τῇ
2105 1321 2216 1375 φωνῇ

72 1396 114 1446 ἐς
134 1394 180 1437 το
204 1391 435 1447 ἀσῖειενικὲν,
456 1395 590 1438 καίτοι
612 1397 780 1448 βοῶντος
801 1394 925 1438 αὐτοῦ
947 1394 1101 1451 μεταξὺ
1122 1394 1247 1445 εἰςιὼν
1269 1396 1466 1452 ἐπήκουον
1489 1396 1679 1452 Philops.
1699 1401 1736 1437 6.
1756 1398 1834 1438 111.
1853 1401 1918 1438 35.
1952 1397 2009 1447 (N
2013 1415 2036 1438 e
2059 1408 2217 1454 puncto

72 1478 319 1531 praeposito
351 1477 590 1517 absolutam
624 1478 732 1517 hane
755 1479 1008 1517 sententiani
1032 1487 1283 1526 statuamus,
1316 1477 1504 1524 inferior,
1538 1491 1648 1529 quae
1670 1478 1708 1516 ei
1734 1478 1856 1526 inest,
1888 1479 1953 1518 vis
1978 1479 2211 1532 probibet.)

71 1551 163 1596 οὐδὲ
192 1553 268 1609 γὰρ
299 1552 343 1597 σὲ
366 1551 603 1610 Ἀβρέτονον
633 1551 690 1596 ἐπ’
727 1552 838 1612 αὐτῷ
867 1553 1054 1610 πρότερον
1084 1555 1310 1610 ἐμέμψατο,
1341 1554 1477 1596 καίτοι
1496 1554 1609 1610 φίλαι
1630 1549 1705 1611 ἦτε
1734 1556 1850 1596 Dial.
1875 1556 1984 1597 Mer.
2015 1560 2046 1597 1.
2077 1560 2110 1597 1.
2133 1557 2216 1598 ΠΙ.

73 1637 165 1673 280.
207 1632 279 1674 καί
307 1629 353 1676 τὸ
384 1631 598 1689 φάρμακον
628 1632 942 1689 τεῗῖαρρηκότως
973 1635 1139 1689 ἐνέχεον,
1170 1634 1304 1676 καίτοι
1333 1633 1468 1675 πολλοὶ
1498 1631 1727 1676 ὑπώπτευον
1755 1632 1829 1690 τὴν
1861 1633 1967 1677 δόσιν
1997 1637 2154 1677 Abdic.
2178 1641 2216 1678 4.

72 1712 128 1752 ll.
166 1715 254 1753 1⁴53.
317 1713 591 1763 Quibusdam
624 1714 730 1754 locis
763 1715 1050 1769 interpunctio
1083 1716 1233 1763 variat,
1264 1722 1310 1755 ut
1341 1715 1525 1755 editores
1558 1715 1610 1754 de
1642 1716 1876 1755 sententiae
1905 1716 1946 1754 vi
1981 1715 2217 1756 haesitasse

72 1802 298 1847 appareat:
330 1793 476 1848 ἐπῆγον
504 1791 577 1848 τὴν
607 1792 724 1845 ἴασιν,
756 1792 891 1835 καίτοι
922 1790 1049 1848 κάμοί
1078 1807 1182 1842 τινες
1212 1791 1497 1844 συνεβούλευον,
1535 1791 1591 1848 μὴ
1623 1791 1906 1847 ἷῖρασύνεσῇαι
1936 1794 2049 1833 Aba.
2083 1797 2120 1833 5
2155 1794 2212 1834 ll.

74 1874 165 1912 165.
210 1871 310 1914 ὥστε
339 1870 432 1922 τοὺς
457 1869 701 1929 Ἀ’Ἑηναίους
730 1870 810 1928 ἤδη
841 1872 980 1922 λίΐους
1010 1870 1063 1914 ἐπ’
1089 1870 1211 1915 αὐτὸν
1241 1872 1282 1913 έν
1311 1877 1401 1914 ταῖν
1431 1877 1562 1927 χεροῖν
1592 1872 1758 1927 ἔχοντας
1787 1870 1842 1914 τὰ
1871 1874 2087 1913 τελευταῖα
2107 1873 2212 1914 *ἑαυ-

70 1949 221 2005 μάζειν,
251 1951 384 1993 καίτοι
416 1951 455 1993 έν
486 1948 592 2008 ἀρχῇ
624 1954 855 2009 τραχυτέρῳ
885 1951 1088 2007 ἐχρήσατο
1118 1955 1175 2009 τῷ
1202 1951 1392 2007 προοιμίῳ
1433 1952 1613 1992 Demon.
1649 1954 1709 1991 11.
1745 1951 1800 1992 ll.
1832 1954 1925 1991 3150.
1971 1947 2101 2004 ὀλίγου
2134 1953 2214 1992 δεῖν

72 2030 213 2085 ἔφυγον
255 2027 542 2085 ἀναῇορὸντες,
586 2030 720 2072 καίτοι
755 2033 886 2089 χρυσῷ
924 2035 1039 2073 πᾶσα
1076 2028 1327 2086 ἐκεκόσμητο
1359 2031 1500 2071 Prom.
1533 2033 1571 2070 4.
1606 2031 1639 2070 Ι.
1673 2033 1737 2070 29.
1784 2033 1867 2078 τοῖς
1907 2028 1985 2084 γὰρ
2027 2036 2217 2086 ποιηταῖς

73 2107 210 2164 ἀγῶνα
238 2111 447 2164 προῗῑεῖναι
479 2107 618 2165 αὐτὴν,
651 2108 760 2160 ὅστις
790 2109 838 2154 ἂν
859 2110 1018 2165 ἄμεινον
1047 2112 1253 2152 ἐπαινέσαι
1274 2107 1399 2164 αὐτῆς
1419 2107 1491 2164 τὴν
1511 2094 1653 2165 κόμην,
1675 2108 1809 2150 καίτοι
1829 2107 2024 2164 φαλακρὰ
2038 2108 2215 2164 ’ἐτύγχα-

71 2203 132 2229 νεν
173 2181 273 2230 οὖσα
310 2189 395 2230 Pro
426 2189 562 2244 Imag.
596 2193 632 2229 5.
666 2190 723 2230 11.
755 2194 848 2231 486.
894 2189 961 2231 τὸν
988 2188 1178 2245 ’Έκτορα
1215 2188 1357 2240 ἐξέωσε
1393 2187 1466 2230 καὶ
1500 2186 1574 2244 τὴν
1611 2187 1893 2243 Πρωτεσιλάου
1930 2190 2026 2230 ναῦν
2062 2189 2213 2240 ἔσβεσε,

72 2267 206 2309 καίτοι
249 2267 489 2320 ἐπεβάτευον
533 2265 661 2324 αὐτῆς
704 2267 777 2323 οὐχ
813 2268 849 2311 οἱ
885 2267 1136 2325 φαυλότατοι
1181 2270 1250 2310 De
1281 2269 1430 2310 Paras.
1463 2271 1528 2308 46.
1561 2268 1619 2308 ΙΙ.
1651 2271 1745 2309 871.
1805 2268 1917 2308 Mihi
1956 2269 2131 2322 quidem
2171 2271 2213 2310 in

73 2348 270 2388 omnibus
303 2348 368 2388 his
399 2349 611 2403 exemplis
644 2349 708 2389 vis
740 2350 975 2390 sententiae
1008 2349 1349 2403 subjunctionem
1381 2348 1600 2404 postulare
1633 2347 1824 2394 videtur3
1856 2357 2111 2402 veteresque
2133 2349 2213 2389 At-

72 2428 178 2467 ticos
208 2425 353 2481 καίπερ
384 2442 481 2468 cum
513 2428 757 2482 participio,
788 2443 870 2469 non
892 2427 1028 2469 καίτοι
1050 2444 1144 2469 cuni
1169 2428 1300 2469 verbo
1322 2428 1455 2477 finito,
1480 2427 1694 2482 posituros
1716 2426 1851 2466 fuisse
1874 2427 2084 2468 existimo.
2126 2427 2216 2467 lta-

73 2521 155 2559 que
188 2507 266 2546 nisi
298 2504 433 2546 καίτοι
462 2507 572 2546 falso
605 2508 896 2548 construxisse
926 2508 1150 2548 Lucianus
1183 2515 1298 2548 reete
1331 2507 1415 2547 dici
1448 2506 1632 2556 videtur,
1679 2505 1909 2546 dicendum
1942 2514 2081 2545 tamen
2114 2521 2213 2561 per-

72 2599 217 2639 peram
249 2599 344 2625 euni
375 2583 511 2626 καίτοι
541 2600 788 2640 usurpasse.

1003 2791 1068 2840 De
1105 2789 1289 2856 Ellipsi.

271 2899 319 2940 ln
352 2908 551 2953 quattuor
583 2910 726 2956 partes
759 2901 872 2943 hune
904 2902 1045 2944 locum
1078 2902 1290 2943 dividam:
1332 2901 1375 2940 iu
1407 2900 1573 2955 ellipsis
1607 2899 1646 2951 l)
1680 2899 1995 2954 pronominum,
2028 2900 2069 2953 2)
2092 2900 2214 2940 verbi

70 2979 326 3019 substantivi
360 2973 512 3028 (εἶναι),
544 2982 586 3031 3)
619 2981 799 3022 aliorum
833 2981 1078 3031 verborum,
1111 2985 1155 3029 4)
1187 2980 1369 3021 articuli.

852 3058 896 3111 1)
936 3059 1192 3102 Pronomen
1224 3060 1440 3100 omissum.

284 3136 402 3178 'necte
433 3135 563 3177 habet
594 3139 858 3192 pronominis
891 3140 1080 3189 omissio,
1114 3141 1148 3180 si
1181 3147 1245 3179 est
1277 3139 1513 3191 subjeetum
1547 3136 1737 3191 genetivi
1771 3135 1969 3185 absoluti,
2002 3142 2047 3176 ut
2072 3136 2139 3176 vel
2162 3151 2214 3176 ex

68 3215 150 3254 alia
182 3215 374 3268 ejusdem
407 3215 573 3269 periodi
615 3228 737 3272 parte
782 3218 849 3258 vel
889 3234 942 3259 ex
982 3220 1067 3260 alia
1106 3219 1315 3259 sententia
1354 3217 1488 3271 repeti
1522 3216 1655 3271 possit
1687 3216 1762 3266 (ef.
1795 3215 1935 3269 Kriig.
1969 3218 2035 3255 47.
2067 3217 2104 3255 4.
2137 3216 2216 3267 3.);

1866 3298 1914 3334 13
