2456 3501
1234 155 1309 198 16

193 312 281 364 Ὠς
311 315 420 355 enim
453 327 548 362 non,
580 319 625 352 ut
657 312 768 353 aliae
799 312 948 353 finales
981 313 1234 367 particulae,
1264 310 1372 362 ’ὅπως
1402 321 1530 368 atque
1553 311 1621 357 ἵνα
1642 316 1926 371 potissimum,
1951 331 2062 372 quae
2084 316 2346 372 primitivam

204 396 304 443 vim,
348 408 459 447 quae
492 393 554 432 illi
588 393 783 441 modalis,
831 392 929 432 huie
962 392 1113 433 localis
1145 401 1250 442 crat,
1297 393 1385 433 sere
1417 395 1586 435 omnino
1618 397 1855 436 amiserunt
1885 411 1935 437 ac
1968 399 2059 437 fere
2090 396 2347 451 simpliciter

204 474 328 513 finem
368 471 633 526 praedicant,
678 472 775 526 ipsa
805 486 977 525 quoque
1009 487 1145 521 suain,
1192 486 1304 525 quae
1338 473 1517 513 modalis
1551 475 1765 529 principio
1796 476 1891 524 fuit,
1937 476 2094 529 abjecit
2126 475 2269 530 plane,
2299 484 2369 522 ut·

203 551 307 591 nihil
340 551 430 607 ejus
453 551 541 603 jain
575 552 817 591 sentiretur.
878 549 1032 604 Itaque
1066 566 1162 592 cuin
1196 554 1336 606 inagis
1370 553 1508 602 viatn‚,
1543 568 1629 606 qua.
1666 554 1831 607 aliquid
1863 556 1996 604 fieret,
2043 568 2171 609 quain
2203 555 2346 609 ipsum

201 632 326 669 finem
360 629 550 669 indicare
584 629 817 679 videretur,
849 631 1076 684 aptISsiina
1106 632 1187 670 fuit
1218 631 1272 671 ad
1303 633 1445 679 finem,
1477 646 1603 685 quern
1637 633 1842 673 incertius
1873 635 1970 687 quis
1993 634 2220 687 minusque
2243 647 2346 674 con-⁸

202 709 382 748 fidenter
422 709 563 749 animo
602 710 839 763 praecepit,
885 709 1206 758 declarandum,
1254 712 1286 751 si
1327 711 1501 764 quidem
1540 711 1668 751 facile
1709 712 1799 751 fieri
1839 720 1991 766 potest,
2038 721 2081 752 ut
2114 713 2227 752 viam
2261 726 2343 752 non

203 802 368 828 omnem
402 787 558 841 aliquis
591 799 876 842 persequatur
907 795 978 827 aut
1010 789 1062 828 ab
1095 804 1146 828 ea
1177 789 1346 830 aberret
1384 805 1462 830 nec
1494 790 1548 830 ad
1579 792 1704 830 finem
1740 792 1974 846 perveniat.
2032 790 2132 831 elam
2166 801 2347 847 apparet

203 881 295 905 cani
333 866 487 906 rationi
526 867 603 915 illi,
643 881 770 920 quain
803 868 993 922 optativo
1026 868 1270 918 tribuimus,
1309 884 1582 924 summopere
1613 871 1760 909 favere
1792 879 1919 923 atque
1950 870 2342 911 accommodatissi-

202 960 312 985 niain
345 959 452 985 esse.
484 970 536 975 ——
573 945 740 985 Deinde
775 954 817 986 ut
848 946 1101 987 adverbium
1133 947 1359 988 relativum
1394 949 1565 1003 proprie
1597 956 1686 988 erat
1717 944 1782 998 ὡς,
1811 964 1888 989 nee
1911 963 1991 989 non
2014 964 2109 990 esse
2131 949 2345 989 sentieba-

201 1032 281 1073 tur,
305 1024 505 1077 judicare
536 1026 663 1065 etiam
697 1026 836 1075 liceat,
869 1040 918 1065 co
951 1027 1091 1066 minus
1124 1027 1373 1083 offensionis
1407 1028 1475 1068 hic
1507 1028 1666 1068 habere
1698 1028 1949 1082 optativum,
1988 1043 2116 1082 quain
2156 1036 2250 1083 post
2280 1026 2349 1068 ἵνα.

201 1112 273 1142 aut
304 1103 410 1143 alias
442 1105 691 1158 particulas,
724 1120 834 1158 quae
873 1106 1066 1158 integrae
1099 1107 1418 1160 conjunctiones
1451 1116 1691 1156 evaserant,
1726 1107 1841 1160 quod
1872 1107 2051 1148 rel-‘uiro
2083 1107 2222 1147 laxior
2251 1108 2346 1147 esti-

201 1182 311 1222 citur
342 1197 543 1231 conexus,
576 1184 633 1222 ita
664 1191 708 1223 ut
740 1185 956 1238 optativus
988 1187 1112 1238 quasi
1145 1187 1187 1226 in
1220 1186 1406 1241 simplici
1440 1186 1666 1240 solutaque
1688 1201 1783 1227 esse
1806 1187 2098 1241 propositione
2129 1185 2348 1226 videretur

200 1276 278 1302 nec
311 1276 335 1301 a
366 1263 587 1316 potentiali
622 1263 799 1302 inultum
832 1263 1014 1304 abesset.

401 1339 618 1389 Ceterum,
652 1343 849 1395 quamvis
882 1345 1021 1382 rarius
1054 1344 1200 1392 multo,
1233 1345 1360 1384 etiam
1394 1345 1434 1384 in
1466 1345 1563 1384 aliis
1587 1345 1798 1384 interdurn
1823 1344 2196 1384 enunciationibus
2218 1351 2348 1397 atque

199 1419 400 1460 finalibus
446 1422 663 1475 optativus
710 1436 787 1475 pro
828 1423 1100 1474 conjunctivo
1140 1424 1345 1464 occurrit:
1392 1424 1509 1463 velut
1548 1433 1642 1478 post
1681 1420 1737 1477 μή
1770 1423 2024 1478 particulam
2073 1438 2168 1463 cum
2202 1422 2347 1462 verbis

199 1499 377 1539 timendi
410 1501 694 1552 conjunctam,
727 1508 767 1539 et
800 1501 841 1540 in
874 1502 1096 1541 sententiis
1129 1502 1440 1556 temporalibus
1472 1517 1551 1542 nec
1583 1506 1718 1542 solum
1751 1503 1795 1542 in
1826 1503 1894 1551 iis,
1926 1516 2038 1556 quae
2070 1501 2245 1555 saepius
2268 1501 2347 1541 aliq

200 1578 303 1631 quid
335 1578 493 1618 factum
527 1594 622 1618 esse
655 1579 873 1620 declarant
892 1580 1439 1634 (ΝἰεάρὶῆιοΙωἯεε-ὲὶῐῑε),
1464 1582 1506 1621 in
1531 1582 1688 1635 quibus
1711 1583 1839 1621 etiam
1866 1580 1981 1635 apud
2003 1580 2203 1633 antiquos
2225 1590 2349 1635 opta-

199 1658 312 1698 tivus
344 1658 628 1713 praecedente
660 1666 852 1713 tempore
884 1659 1080 1700 absoluto
1113 1675 1196 1700 non
1227 1675 1445 1714 nunquam
1478 1662 1678 1702 occurrit.
1739 1659 1806 1701 Cf.
1839 1660 1979 1713 Kriig.
2013 1661 2078 1700 54.
2114 1660 2176 1699 17.
2209 1661 2247 1699 5.

699 1746 745 1785 α)
791 1736 1035 1791 Optatirus
1067 1739 1113 1778 in
1142 1740 1377 1779 sententiis
1404 1738 1618 1793 finalibus
1647 1744 1755 1793 post
1787 1735 1849 1787 ὡς.

400 1811 419 1856 ὃ
452 1813 496 1856 δὲ
525 1813 659 1869 ἳΐύραν
689 1816 961 1872 προςτίῗὲησιν,
995 1813 1046 1866 ὡς
1077 1815 1132 1872 μὴ
1165 1813 1224 1859 ὑπ’
1263 1814 1410 1871 ἀνέμου
1443 1813 1652 1873 ἀνοιχῗῑείη
1685 1828 1754 1868 (ne
1776 1820 1884 1859 forte
1906 1835 1982 1868 ——3
2013 1822 2257 1875 periculum
2282 1824 2348 1862 in*

200 1902 360 1935 certum
393 1900 475 1945 cst)
507 1894 576 1935 De
609 1895 757 1936 Paras.
790 1898 854 1936 55.
890 1896 945 1936 Π.
978 1899 1071 1937 378.
1122 1893 1141 1938 ὃ
1175 1895 1219 1938 δὲ
1250 1901 1499 1952 παρακροτεῖ
1528 1897 1568 1945 ἐς
1598 1895 1667 1938 τὸν
1697 1890 1813 1951 ὦμον,
1854 1893 1905 1947 ὡς
1934 1896 1990 1954 μὴ
2020 1899 2155 1941 τέλεον
2185 1897 2348 1942 ἀποπνι-

198 1971 286 2028 γείη
310 1974 542 2026 (similiter)
565 1974 733 2014 Anacli.
762 1977 794 2015 1.
818 1975 875 2015 ΙΙ.
899 1978 992 2016 «554.
1042 1972 1118 2031 τὴν
1147 1973 1254 2017 κὸνιν
1284 1976 1532 2031 ἐπαμῶνται,
1563 1973 1615 2025 ὡς
1637 1973 1905 2031 ἀφυκτότεροι
1924 1973 2001 2018 εἷεν
2023 1979 2104 2019 An.
2129 1984 2165 2020 2.
2190 1995 2230 2035 p.
2253 1981 2347 2023 8255.

198 2049 253 2092 τὰ
284 2049 416 2107 κάλλη
449 2050 702 2106 αἰσχύνοντες
739 2055 933 2108 (praes.)‚
971 2051 1023 2104 ὡς
1061 2055 1272 2109 ἐγκρατεῖς
1309 2056 1480 2110 γένοιντο
1520 2057 1610 2105 (An
1642 2057 1771 2096 moris
1803 2058 2073 2108 significandi
2105 2059 2233 2099 etiam
2267 2059 2347 2100 hoc

199 2131 294 2172 loco
332 2133 549 2186 optativus
590 2134 670 2172 sit?
729 2133 850 2173 Iden]
891 2135 933 2173 in
973 2135 1070 2174 aliis
1112 2136 1422 2190 exemplorum,
1469 2150 1579 2189 quae
1619 2144 1868 2189 sequuntur,
1906 2137 2122 2177 nonnullis
2155 2139 2348 2189 cogitare

199 2211 357 2265 possis)
390 2210 556 2251 Anach.
593 2213 654 2251 13.
687 2211 745 2251 11.
782 2215 876 2252 892.
925 2214 1063 2254 ταῦτα
1089 2209 1170 2269 ἤδη
1202 2227 1262 2255 σοι
1293 2212 1470 2268 διέξειμι,
1502 2211 1553 2263 ὣς
1583 2212 1740 2268 μάῖῖοις
1769 2213 1852 2255 An.
1878 2216 1942 2254 15.
1974 2229 2014 2269 p.
2039 2218 2133 2255 893.
2184 2211 2348 2271 ἀντερῶ,

199 2286 247 2343 ἥν
277 2287 317 2330 τί
345 2303 413 2343 μοι
443 2289 546 2344 δοκῇ
576 2287 632 2345 μὴ
665 2286 795 2344 ὂρὲῖῶς
825 2292 1030 2345 λέγεσῖται,
1063 2289 1115 2341 ὡς
1144 2290 1323 2348 μάῇοιμι
1354 2295 1436 2334 An.
1472 2296 1534 2334 18.
1567 2309 1607 2349 p.
1640 2297 1733 2334 596.
1791 2291 1839 2348 ἢν
1868 2293 1914 2334 δέ
1939 2307 2002 2341 τις
2031 2293 2212 2349 φροίμιον
2241 2293 2349 2351 εἴπῃ,

200 2364 251 2417 ὧς
281 2365 556 2422 εὐνουστέρους
600 2365 1016 2425 ἀπεργάσαιτο
1062 2369 1210 2422 αὐτοὺς
1238 2372 1263 2428 ἢ
1296 2371 1470 2414 δείνωσιν
1513 2370 1705 2428 ἐπάγῃ
1750 2375 1807 2430 τῷ
1835 2369 2044 2426 πράγματι
2082 2374 2217 2420 (Illud
2249 2390 2347 2416 eum

199 2449 373 2501 assequi
405 2449 610 2488 incertius
642 2458 718 2498 est,
752 2465 847 2490 cum
880 2451 923 2489 in
956 2451 1138 2491 alioruin
1170 2452 1334 2492 animos
1367 2452 1667 2492 benevolentia
1688 2451 1921 2492 descendat
1945 2460 2152 2505 oporteat,
2188 2453 2347 2506 quibus

199 2527 402 2581 imperari
434 2542 516 2567 non
550 2529 708 2581 possit3
741 2528 834 2577 hoc,
867 2528 964 2569 dico
996 2530 1289 2583 amplificatio,
1322 2544 1453 2584 penes
1484 2532 1626 2584 ipsum
1659 2537 1740 2579 est)
1772 2529 1855 2570 An.
1890 2532 1953 2570 19.
1986 2529 2162 2572 11.899.
2212 2531 2348 2586 ἐπιμε-

199 2602 387 2658 λούμεῗῖα
421 2605 490 2645 τοῦ
525 2603 711 2659 σώματος
746 2608 1097 2661 μετακοσμοῦντες
1135 2603 1250 2658 αὐτὸ,
1290 2604 1342 2656 ὡς
1378 2606 1591 2649 κάλλιστον
1633 2606 1694 2663 εἴη
1726 2609 1807 2648 An.
1841 2612 1904 2649 20.
1937 2625 1978 2664 p.
2011 2614 2105 2650 900.
2155 2607 2210 2651 τὰ
2239 2608 2348 2665 φυτὰ

198 2683 384 2725 σκέπουσι
415 2681 470 2738 (οἱ
512 2682 711 2738 γεωργοὶ),
759 2681 810 2734 ὡς
854 2683 911 2740 μὴ
951 2682 1190 2737 βλάπτοιντο
1231 2686 1315 2726 An.
1348 2689 1412 2726 20.
1446 2702 1486 2741 p.
1519 2689 1612 2727 902.
1662 2684 1698 2727 οἱ
1735 2684 1779 2727 δὲ
1809 2683 2026 2737 ἀκούοντες
2054 2685 2151 2741 πρὸς
2180 2685 2346 2743 μίμησιν

198 2761 480 2817 ἐπεγείρονται,
526 2758 577 2811 ὡς
615 2759 690 2802 καὶ
726 2759 841 2803 αὐτοὶ
879 2760 1038 2820 ᾄδοιντο
1069 2762 1142 2805 καὶ
1171 2761 1448 2817 ιὲαυμαζζοιντο
1481 2765 1563 2806 An.
1595 2766 1661 2804 21.
1695 2781 1734 2819 p.
1767 2768 1861 2806 902.
1911 2764 2154 2820 παιδεύομεν
2183 2762 2345 2818 αὐτοὺς,

198 2837 249 2890 ὡς
277 2841 355 2881 τῶν
383 2838 455 2895 μὲν
487 2837 783 2895 ἀποτρέποιντο,
816 2838 872 2882 ἐπ’
908 2841 1043 2883 ἐκεῖνα
1080 2839 1123 2882 δὲ
1154 2841 1358 2883 σπεύδοιεν
1389 2843 1471 2882 An.
1505 2845 1567 2884 22,
1602 2859 1643 2898 p.
1676 2845 1769 2883 904.
1821 2847 1905 2893 τοῖς
1939 2843 1983 2886 δὲ
2011 2846 2218 2902 κωμῳδοῖς
2247 2841 2346 2887 ἀπο-

199 2916 391 2960 σκώπτειν
422 2918 593 2974 ἐφίεμεν,
627 2917 677 2969 ὡς
706 2919 883 2974 φεύγοιεν
921 2921 976 2960 ib.
1027 2915 1079 2961 τὰ
1111 2917 1155 2960 δὲ
1186 2917 1358 2974 σώματα
1386 2919 1549 2975 χρίομεν
1578 2918 1651 2963 καὶ
1679 2920 2068 2977 καταμαλάττομεν,
2100 2920 2152 2972 ὡς
2182 2919 2346 2964 εὐτονώ-

198 3010 296 3050 τερα
330 2996 501 3051 γίγνοιτο
547 2999 629 3039 An.
663 3002 727 3038 24.
763 3015 803 3054 p.
836 3001 929 3039 905.
980 2997 1236 3052 διδάσκομεν,
1274 2995 1325 3047 ὣς
1362 2997 1557 3049 ε’ἱτίζοιντο
1604 3000 1708 3040 ibid.
1760 2997 1962 3054 ἀσκοῦμεν
1998 2997 2054 3042 τὰ
2081 2997 2347 3055 χαλεπώτερα

197 3075 468 3128 προτιῧέντες,
501 3072 552 3125 ὡς
583 3073 844 3131 εὐκολώτερον
873 3078 1024 3132 φέροιεν
1057 3077 1140 3117 An.
1174 3080 1238 3117 128.
1272 3092 1311 3132 p.
1330 3080 1422 3119 910.
1473 3074 1546 3134 τὴν
1577 3076 1682 3120 κόνιν
1711 3078 1913 3133 χρησίμην
1943 3076 2120 3133 οἰόμεὶἳα
2149 3074 2263 3129 εἶναι,
2292 3074 2346 3127 ὡς

197 3150 255 3207 μὴ
286 3152 572 3195 διολισὶτάνοιεν
617 3155 697 3195 An.
731 3158 795 3195 29.
831 3171 869 3210 p.
903 3159 995 3195 910.
1046 3152 1100 3196 τὰ
1130 3152 1258 3210 κράνη
1298 3153 1589 3210 περιξτησεσὲε,
1630 3154 1682 3206 ὡς
1718 3155 1978 3212 φοβερώτεροι
2008 3155 2117 3211 εἴητε
2161 3157 2244 3197 An.
2276 3158 2343 3197 32.

199 3245 240 3285 p.
263 3233 356 3271 912.
407 3228 621 3274 ὑποδύεταί
652 3247 712 3282 τις
742 3229 858 3287 ὁρμὴ,
893 3229 944 3281 ὡς
973 3229 1030 3288 μὴ
1064 3229 1334 3288 ἀγεννέστεροι
1363 3234 1563 3289 φαίνοιντο
1595 3236 1677 3276 An.
1709 3239 1776 3276 37.
1808 3251 1849 3290 p.
1873 3238 1966 3276 918.
2017 3231 2346 3289 ὑπερβαλώμεῖἲα
