2456 3501
1213 104 1254 146 2

156 279 251 306 rum
295 266 483 305 virorum
529 263 689 304 abiisse
736 263 839 303 mihi
872 263 1059 317 scripsit,
1091 270 1137 303 ut
1177 262 1559 319 quibusquumque
1598 266 1721 308 libris
1761 266 1815 308 ad
1852 267 2096 308 Lucianum
2142 269 2310 312 intelle-

157 343 346 398 gendum
382 356 539 383 usurus
577 356 740 392 essem,
780 341 856 381 illa
894 342 985 394 jam
1023 341 1209 382 editores
1250 350 1459 397 perpetuo
1496 347 1743 400 respexisse
1791 347 2109 401 verborumque
2150 355 2313 391 textum

158 423 201 462 in
247 423 299 462 iis
344 429 547 475 tanquam
592 420 881 461 fundamentis
926 420 1187 475 quibusdam
1234 423 1509 464 constituisse
1558 424 1810 465 inventurus
1857 441 2009 470 essem.
2073 427 2219 481 Atque
2263 443 2316 470 ea

158 500 345 555 quidem,
381 514 492 554 quac
530 515 583 541 ex
614 499 863 550 Fritzschii,
903 514 1011 554 quos
1043 501 1292 550 memoravi,
1333 501 1457 542 libris
1488 504 1696 544 translata
1727 507 2045 547 commentariis
2077 507 2167 547 suis
2199 507 2314 549 docti

156 580 237 620 viri
269 580 554 629 inseruerunt,
600 594 697 620 cum
729 594 780 621 eo
810 580 902 620 fere
933 586 1131 634 spectare
1163 580 1370 630 viderem,
1413 588 1460 621 ut
1490 582 1534 621 in
1565 582 1723 636 quibus
1755 585 1985 625 verborum
2017 586 2085 627 vel
2118 593 2314 628 constru-

156 658 368 699 ctionibus
401 658 468 698 vel
500 658 758 700 flexionibus
790 659 859 699 vel
889 673 971 699 usu
1003 659 1077 699 alii
1110 658 1406 710 offendissent,
1430 676 1481 701 ea
1496 662 1586 715 jam
1610 662 1726 717 apud
1749 664 1949 718 antiquos
1974 665 2206 720 scriptores
2231 664 2312 706 At-

155 738 262 778 ticos
293 738 475 792 reperiri
507 739 717 794 exemplis
751 739 824 779 ille
856 738 1171 793 comprobaret,
1204 753 1298 780 non
1330 739 1606 781 mediocriter
1647 756 1715 781 me
1747 751 2004 784 commotum
2037 759 2132 785 esse
2164 744 2312 794 fateor,

155 817 270 871 quod
309 832 447 857 meam
486 817 603 857 illius
642 818 801 859 rationi
833 818 930 867 viri,
963 832 1048 872 quo
1080 819 1210 874 pauci
1242 819 1287 859 in
1319 817 1503 860 Graecis
1535 820 1671 861 literis
1703 822 1843 875 magis
1875 824 2033 864 versati
2065 826 2311 879 superiore-

156 911 239 950 que
284 897 447 950 ingenii
488 897 685 937 acumine
725 897 911 952 praediti
953 903 1064 946 sunt,
1110 898 1355 953 oppositam
1388 913 1483 939 esse
1517 900 1733 941 sentirem.
1794 900 1854 941 At
1884 902 2037 942 iterum
2069 903 2313 957 iterumque

157 975 262 1015 hacc
301 975 443 1016 animo
482 975 672 1016 volventi
715 990 815 1031 spes
854 976 960 1016 mihi
997 976 1174 1028 affulsit,
1212 977 1355 1018 minus
1394 992 1523 1032 quam
1563 979 1668 1019 mihi
1708 980 1791 1020 visi
1823 995 2007 1031 eramus,
2038 982 2312 1022 dissensuros

155 1068 231 1095 nos
263 1069 379 1103 csse3
411 1068 542 1108 quum
574 1069 660 1096 non
690 1070 832 1110 pauca
863 1055 1054 1109 quidem,
1087 1070 1199 1110 quae
1232 1058 1398 1112 priores
1430 1058 1617 1098 editores
1652 1059 1894 1100 Atticorum
1933 1062 2031 1101 usui
2069 1061 2312 1114 rationique

154 1148 400 1188 repugnare
439 1133 634 1174 arbitrati
674 1141 808 1184 erant,
846 1149 930 1175 non
969 1150 1217 1190 repugnare
1255 1136 1482 1190 bonaeque
1521 1152 1616 1178 esse
1654 1145 1779 1179 notae
1822 1138 2008 1180 dubitari
2040 1155 2122 1181 non
2155 1141 2312 1195 possit;

154 1227 237 1254 non
269 1228 410 1268 pauca
440 1228 557 1262 vcro,
589 1227 701 1267 quae
731 1213 1004 1255 Fritzschius
1028 1215 1145 1270 apud
1167 1216 1433 1269 antiquiores
1457 1218 1586 1257 etiam
1608 1215 1853 1258 Atticorum
1877 1219 2107 1274 scriptores
2130 1219 2312 1274 reperiri

154 1292 368 1347 probavit,
399 1292 582 1346 reperiri
614 1292 938 1334 concedendum
969 1308 1047 1334 nec
1079 1300 1222 1334 tamen
1252 1295 1495 1349 elegantem
1518 1295 1760 1337 Atticorum
1787 1311 2024 1338 sermonem
2045 1299 2209 1339 referre
2231 1313 2312 1353 pu-

153 1372 330 1413 tandum
363 1372 429 1412 sit.
489 1371 672 1413 Rectum
704 1373 748 1412 in
779 1372 921 1413 medio
953 1387 1049 1413 esse
1082 1380 1129 1414 ut
1160 1375 1203 1414 in
1234 1375 1380 1415 multis
1413 1376 1510 1416 aliis
1542 1383 1584 1416 et
1614 1376 1685 1417 hic
1709 1376 2002 1418 statuendum:
2034 1392 2175 1431 neque
2198 1378 2312 1418 enim

153 1452 320 1506 priores
352 1452 430 1501 illi,
462 1452 536 1505 qui
566 1451 815 1492 Lucianum
847 1467 944 1492 cum
978 1453 1132 1494 ceteris
1173 1454 1431 1507 aequalibus
1471 1456 1774 1510 scriptoribus,
1816 1456 1889 1510 qui
1919 1458 2035 1511 κοινῇ
2067 1457 2313 1506 utebantur,

153 1537 502 1586 composuerunt,
533 1538 650 1571 recte
674 1531 940 1585 judicarunt,
972 1538 1012 1572 et
1044 1547 1192 1573 eorum
1226 1534 1453 1583 sententia,
1485 1535 1521 1574 si
1555 1549 1737 1588 quorum
1761 1542 1839 1584 est,
1862 1536 1934 1590 qui
1961 1536 2051 1589 ejus
2076 1536 2312 1576 orationem

153 1624 179 1650 a
208 1608 390 1651 Platone
420 1616 493 1651 aut
523 1609 818 1651 Demosthene
848 1610 956 1650 nihil
990 1611 1144 1652 abesse
1175 1613 1377 1663 sentiunt,
1410 1613 1584 1654 modum
1616 1615 1801 1655 excedit.

354 1687 456 1730 Jam
497 1691 533 1730 si
572 1691 808 1744 quaeritur,
856 1705 942 1744 qua
987 1691 1030 1731 in
1078 1693 1287 1733 sermonis
1328 1699 1450 1748 parte
1481 1695 1667 1734 maxime
1699 1694 1944 1735 Lucianum
1976 1694 2030 1734 ab
2062 1695 2313 1750 incorrupta

151 1768 397 1832 Atticorum
430 1769 617 1810 dictione
648 1769 882 1810 abhorrere
914 1770 1069 1819 dicam,
1111 1772 1379 1826 respondeo:
1426 1773 1470 1812 in
1501 1773 1812 1815 vocabulorum
1843 1789 1938 1814 usu.
1996 1773 2106 1815 Nam
2137 1783 2184 1814 ut
2215 1775 2311 1829 plc-

152 1863 311 1903 rosquc
356 1863 519 1899 eorum,
566 1849 641 1903 qui
679 1856 777 1904 post
815 1849 1116 1890 Alexandrum
1155 1851 1437 1906 scripserunt,
1486 1867 1582 1892 eum
1616 1868 1715 1893 cum
1746 1853 2034 1894 reconditiora
2065 1855 2310 1908 partimque

153 1944 208 1970 ex
238 1929 335 1969 aliis
367 1928 564 1969 dialectis
595 1929 780 1983 repetita
810 1929 1024 1969 vocabula
1063 1933 1347 1984 (quamquam
1386 1931 1481 1986 ipse
1513 1931 1626 1972 hunc
1658 1932 1841 1972 abusum
1873 1933 1915 1973 in
1945 1932 2202 1987 Lexiphane
2233 1948 2310 1973 no-

153 2009 278 2060 tavit)
310 2016 399 2048 tum
431 2009 603 2063 po'e'tica
632 2008 848 2049 vocabula
877 2009 1154 2062 frequentare
1186 2009 1406 2058 videmus3
1441 2026 1520 2051 nec
1553 2012 1669 2051 illius
1693 2012 1800 2061 vitii,
1824 2011 1938 2065 quod
1961 2025 2048 2061 eos,
2072 2012 2146 2066 qui
2169 2010 2306 2052 Grae-

153 2089 216 2129 cis
260 2087 360 2128 inde
398 2088 451 2128 ab
493 2087 744 2128 Alexandro
784 2088 921 2128 literis
954 2089 1139 2138 student,
1188 2089 1406 2130 offendere
1437 2090 1558 2140 solet,
1605 2092 1853 2144 contagium
1884 2091 2055 2132 omnino
2087 2091 2215 2140 cavit,
2257 2105 2310 2131 ne

151 2167 298 2209 verbis
329 2167 580 2222 compositis
612 2167 798 2221 singulis
821 2169 1076 2208 sententiam
1099 2168 1333 2222 aliquando
1359 2170 1730 2224 complecteretur,
1754 2170 1808 2210 ad
1830 2185 1960 2223 quam
1981 2169 2309 2224 exprimendam

152 2246 351 2302 pluribus
384 2226 550 2300 antiqui
581 2246 727 2287 verbis
757 2253 991 2296 uterentur,
1022 2255 1089 2287 ut:
1136 2243 1382 2303 ἀνδρολογέω
1414 2245 1583 2302 (ἄνδρας
1613 2249 1872 2303 καταλέγειν)
1921 2248 2028 2290 Tox.
2060 2250 2126 2289 58.
2172 2249 2310 2290 καλλι-

150 2325 278 2380 λογέω
300 2326 452 2375 (καλῶς
471 2324 617 2380 λέγειν)
640 2325 747 2367 Tox.
770 2328 836 2368 35.
867 2324 1200 2382 καταστηλιτεύω
1222 2328 1429 2382 (aliquem
1452 2330 1622 2369 nomine
1645 2329 1868 2370 columnae
1890 2328 2097 2383 inscripto
2125 2328 2310 2381 ignomi-

152 2406 226 2446 nia
257 2405 450 2455 afficere)
485 2405 601 2446 Dial.
623 2405 735 2446 Mer.
766 2407 805 2446 4.
837 2421 873 2447 c.
906 2408 944 2446 2.
977 2412 1074 2447 cett.
1136 2406 1432 2462 Bicomposita
1462 2407 1576 2448 idem
1609 2422 1912 2461 nonnunquam
1945 2396 2034 2462 pro¹
2055 2407 2311 2462 simpliciter

155 2485 419 2540 compositis,
449 2486 552 2538 quia
582 2485 689 2525 haec
722 2485 862 2525 abusu
892 2486 935 2525 vi
960 2488 1051 2538 jam
1084 2485 1332 2527 defecerant
1362 2502 1442 2527 nec
1465 2488 1684 2542 simplicia
1705 2486 2038 2541 exsuperabant,
2061 2486 2309 2541 usurpavit;

153 2563 366 2619 quaedam
398 2579 450 2603 ex
482 2564 654 2618 vulgari
685 2565 866 2618 arripuit
899 2579 1109 2614 sermone,
1142 2565 1227 2606 alia
1259 2566 1486 2615 commisit,
1511 2567 1689 2620 quaein
1710 2565 1896 2621 Polybio
1919 2565 2110 2619 Luettge
2132 2563 2308 2619 (Progr.

154 2643 208 2684 de
245 2642 421 2697 Poly-bii
461 2643 702 2684 elocutione
739 2642 956 2684 Nordhus.
998 2645 1126 2694 1863,
1168 2660 1209 2699 p.
1251 2646 1273 2684 1,
1312 2652 1354 2684 et
1393 2646 1444 2684 10
1482 2645 1565 2699 sq.)
1605 2645 1779 2686 notavit.
1838 2644 1980 2685 Multo
2027 2645 2207 2699 propius
2254 2644 2309 2684 ad

154 2723 371 2776 integrum
402 2721 645 2762 Atticorum
677 2737 918 2763 sermonem
948 2724 992 2763 in
1022 2724 1300 2778 etymologia,
1334 2738 1445 2777 quae
1477 2732 1668 2774 vocatur,
1701 2724 1869 2764 aceedit
1899 2732 2028 2777 atque
2058 2724 2102 2763 in
2124 2724 2308 2778 syntaxi,

154 2815 295 2855 neque
340 2808 483 2841 tamen
526 2816 600 2842 eos
648 2810 894 2842 assecutum
933 2817 1029 2843 esse
1071 2804 1116 2844 in
1154 2803 1419 2857 etymologia
1449 2804 1602 2858 paucis
1634 2802 1894 2857 quibusdam
1926 2802 2135 2857 exemplis
2167 2802 2307 2843 allatis

156 2880 404 2934 significare
436 2881 575 2934 magis
607 2895 737 2934 quam
768 2881 952 2935 probare
984 2883 1028 2922 in
1059 2883 1201 2923 animo
1232 2882 1338 2922 mihi
1369 2890 1446 2932 est,
1479 2884 1522 2923 in
1553 2882 1723 2937 syntaxi
1756 2890 1896 2922 autem
1923 2882 2065 2936 ampla
2088 2880 2308 2935 exemplo-

155 2973 252 2998 rum
295 2960 422 3014 copia
468 2959 761 3001 demonstrare
808 2962 1086 3002 constitutum
1117 2969 1194 3002 est.
1255 2961 1324 3002 Ac
1355 2963 1452 3016 quis
1484 2962 1662 3002 miretur
1692 2975 1717 3000 a
1748 2961 2008 3001 sublimibus
2041 2959 2308 3012 antiquitatis

157 3037 405 3078 auctoribus
436 3039 477 3078 in
510 3039 577 3079 his
608 3053 706 3079 eum
738 3039 1005 3093 aliquantum
1037 3041 1204 3090 abesse,
1252 3056 1363 3091 cum,
1396 3048 1442 3081 ut
1473 3048 1564 3082 erat
1595 3047 1822 3095 corruptus
1855 3041 2021 3089 aetatis,
2067 3053 2178 3092 quac
2209 3053 2308 3078 eum

155 3115 266 3165 tulit,
297 3130 437 3157 sermo
469 3124 597 3171 atque
629 3119 957 3168 contaminatus,
1002 3120 1086 3160 nisi
1119 3119 1453 3173 diligentissima
1483 3121 1668 3160 lectione
1698 3119 1988 3173 integritatem
2019 3118 2193 3171 assequi
2223 3132 2307 3157 non

156 3195 356 3248 potuerit,
388 3195 467 3236 hac
500 3205 641 3236 autem
674 3197 745 3237 via
776 3212 907 3251 aegre
939 3200 1083 3239 caveri
1117 3206 1259 3253 queat,
1292 3214 1343 3240 ne
1376 3199 1603 3253 quaedam,
1635 3213 1746 3252 quac
1778 3204 1850 3239 aut
1873 3200 2095 3253 poetarum
2118 3204 2190 3236 aut
2213 3195 2307 3236 dia—
