2456 3501
1143 131 1229 175 29

117 292 207 349 άγει
235 291 278 343 ἐς
304 290 379 349 τὴν
408 291 538 333 οἰκίαν
570 294 639 338 -)
670 294 834 345 Necyom.
866 294 904 333 7.
935 291 966 332 I.
997 291 1093 332 465.
1150 292 1409 332 Insolentius
1454 291 1588 332 multo
1633 305 1712 331 nec
1758 291 2015 332 anacolutho
2060 292 2137 333 sed
2181 290 2262 335 ἀπὸ

117 374 309 427 μερισμοῦ
346 371 665 425 explicandum,
705 370 781 411 sed
819 370 933 410 ultra
971 384 1082 424 quae
1113 370 1387 423 antiquorum
1418 371 1649 424 quisquam
1682 384 1812 410 ausus
1844 377 1927 410 est:
1965 367 2021 419 εἰς
2049 367 2190 424 λόγους
2219 371 2264 413 δέ

115 453 252 493 ταῦτα
279 449 617 505 παρεκτείναντες
647 455 746 504 (pro
776 447 1120 503 παρεκτεινοὶντων
1151 446 1311 490 ἐκείνων
1329 463 1389 489 sc.
1413 444 1538 490 αὐτοῦ
1561 446 1730 490 καὶτῶν
1751 444 1880 491 ἄλλων
1889 468 1900 498 ,·
1930 450 2112 490 tortasse
2134 452 2262 491 etiam

116 526 242 584 ἡμῶν)
273 528 408 572 mcii-st
437 543 489 583 με
518 529 662 580 ἱῚιίΙιψ.
695 529 759 569 23.
790 528 861 568 ΙΙΙ.
894 530 988 568 611.

842 615 894 669 2)
945 617 1251 658 Accusalicus
1284 617 1533 659 absolutus.

316 697 506 749 Quando
552 698 738 738 usitatus
784 696 1111 749 secundumque
1148 711 1417 737 communem
1449 698 1659 738 rationem
1692 698 1761 746 sit,
1793 696 1936 751 Kriig.
1970 697 2092 738 docet
2125 700 2190 738 56.
2223 702 2261 738 S).

114 779 153 818 3.
186 791 249 831 sq.
300 777 389 817 Sed
420 778 547 817 etiam
580 792 658 831 per
689 776 995 817 anacolutbum
1024 775 1240 816 interdum
1270 777 1478 824 occurrit3
1513 776 1565 817 cf.
1598 776 1705 816 Mat.
1729 778 1823 816 561.
1849 775 1902 817 N.
1963 776 2050 817 Sed
2082 792 2126 817 re
2159 792 2263 817 vera

116 856 310 897 absolute
347 865 389 896 et
429 866 577 897 contra
615 871 884 896 communem
916 856 1125 895 rationem
1157 869 1236 894 nec
1268 855 1496 895 deficiente
1528 855 1798 896 substantivo
1832 856 2121 910 paucissimis,
2142 860 2262 909 ‘quos

115 935 222 975 Mat.
254 937 347 975 562.
370 937 408 975 3.
441 936 594 984 attulit,
626 935 734 975 locis
766 934 982 974 admissus
1013 935 1242 989 reperitur,
1275 935 1351 974 sed
1384 936 1443 974 ita
1475 943 1519 975 ut
1551 935 1869 974 substantivum
1902 936 2095 975 neutrius
2127 950 2260 989 gene-

114 1015 175 1055 ris
207 1015 269 1064 (in
300 1029 477 1055 numero
508 1015 685 1069 plurali)
718 1014 785 1054 sit.
846 1013 1073 1053 Audacius
1104 1014 1240 1067 igitur
1271 1013 1352 1054 hoe
1384 1013 1498 1054 loco:
1529 1010 1607 1062 τὰς
1637 1004 1703 1054 οὖν
1733 1009 1956 1055 ἀῖῑανοίτων
1986 1012 2172 1068 δυνάμεις
2193 1028 2260 1069 με·

115 1090 248 1146 γάλας
277 1089 401 1141 οὔσας
430 1091 576 1148 ἳςνητοί
605 1090 678 1134 καὶ
708 1090 866 1147 σμικροὶ
895 1090 1007 1141 ὄντες
1036 1090 1111 1133 οὐκ
1143 1090 1191 1133 ἂν
1222 1092 1380 1146 ἔχοιμεν
1411 1091 1532 1133 εἰπεῖν
1564 1094 1661 1133 nale.
1693 1095 1732 1133 ὃ.
1766 1092 1799 1133 Ι.
1836 1094 1928 1133 183.

897 1180 949 1234 3)
999 1182 1198 1223 Dativus
1230 1183 1478 1224 absolutus.

313 1261 382 1302 Cf.
415 1262 557 1316 Kriig.
590 1264 657 1302 48.
691 1264 728 1302 5.
764 1264 798 1302 1.
847 1261 952 1302 Mat.
986 1264 1079 1304 562.
1113 1264 1150 1302 2.

313 1340 394 1382 Vel
425 1342 719 1397 temporaliter
749 1349 996 1397 usurpatus,
1028 1341 1098 1382 vel
1128 1348 1175 1381 ut
1206 1341 1392 1391 dativus,
1425 1342 1498 1395 qui
1531 1348 1722 1392 vocatur,
1745 1342 1913 1383 ethicus
1944 1343 2095 1394 subsit,
2119 1345 2160 1384 in
2185 1360 2261 1385 an-

110 1419 327 1472 tiquorum
359 1421 482 1461 libris
514 1420 726 1461 interdum
759 1421 960 1461 occurrit.
1019 1419 1185 1461 Neutra
1213 1422 1393 1470 ratione,
1426 1420 1515 1470 sed,
1547 1430 1593 1461 ut
1623 1422 1808 1471 videtur,
1832 1437 1909 1477 per
1932 1423 2260 1464 anacoluthum:

109 1496 184 1539 καί
211 1497 288 1555 γάρ
319 1512 391 1540 σοι
420 1498 584 1541 οἰκίδιον
613 1497 999 1542 κατασκευάσαντι
1037 1498 1240 1549 οἰκέτιδας
1270 1498 1314 1540 δὲ
1341 1497 1415 1541 καί
1445 1498 1608 1549 οἰκέτας
1639 1499 1678 1541 ἐν
1709 1497 1818 1558 αὐτῷ
1849 1499 2159 1556 συναγαγόντι,
2198 1499 2260 1544 οὐ·

108 1576 253 1619 δέποτέ
281 1590 325 1619 σε
356 1578 524 1620 &tamira
555 1581 694 1632 l'liilop.
730 1582 794 1620 17.
826 1579 907 1620 111.
941 1582 1042 1628 6033
1077 1587 1207 1634 atque
1239 1579 1347 1621 adeo
1379 1579 1834 1635 audacius,—-neque
1867 1583 1979 1622 enim
2012 1583 2117 1632 scio,
2151 1598 2259 1637 quo-

111 1658 236 1699 modo
267 1659 554 1713 explicandus
585 1660 653 1709 sit,
685 1661 767 1700 nisi
798 1659 905 1700 forte
937 1660 1064 1699 etiam
1098 1659 1167 1700 hic
1199 1659 1368 1699 ethicus
1392 1659 1620 1700 obscurius
1644 1660 1805 1711 subest,
1829 1670 1901 1700 aut
1925 1661 2142 1702 ablativus
2170 1661 2260 1702 La-

108 1738 295 1777 tinorum
318 1738 541 1778 absolutus
564 1738 895 1779 obversabatur:
927 1740 1098 1779 πλεῖστα
1126 1735 1204 1793 γὰρ
1234 1735 1490 1792 πολλαχὸῗῑεν
1520 1735 1629 1780 αὐτὰ
1659 1740 1798 1794 πρῶτα
1828 1740 1909 1781 δεῖν
1938 1740 2067 1795 λέγειν
2098 1739 2257 1783 ἕκαστα

109 1814 230 1867 δόξαν
258 1816 516 1872 παρίστησιν,
562 1814 688 1872 ὥσπερ
726 1813 884 1860 &vs-§ov
922 1814 1212 1871 εὐτυχοῦντι
1241 1818 1441 1872 λειμῶνι
1471 1814 1535 1859 ἀεὶ
1564 1820 1641 1859 τῶν
1671 1819 1916 1874 φαινομένων
1946 1816 2038 1874 ἄρτι
2067 1833 2258 1875 προςαγο-

108 1895 233 1950 μένων
261 1893 356 1945 τοὺς
386 1896 650 1951 δρεπομένους
680 1899 825 1938 Gharid.
859 1899 924 1937 22.
957 1897 1039 1938 ΙΙΙ.
1072 1897 1167 1939 652.
1261 1884 1263 1886 ,

309 1976 602 2017 Absolutus
649 1978 965 2031 quodammodo
1011 1977 1246 2026 dativus,
1295 1977 1371 2018 sed
1418 1978 1528 2017 sine
1572 1943 1863 2033 particissio
1909 1980 2036 2019 etiam
2070 1979 2141 2019 hic
2173 1989 2257 2021 cst:

108 2051 223 2110 φύσει
266 2052 338 2109 μὲν
373 2053 452 2110 γὰρ
489 2051 599 2113 αὐτῷ
633 2053 707 2097 καὶ
742 2052 837 2097 κατ’
876 2051 1009 2112 ἀρχὰς
1046 2053 1379 2112 προςεπεπὸνῖΐειν
1420 2054 1464 2107 ἐξ
1495 2053 1627 2098 αὐτῶν
1655 2059 1733 2098 τῶν
1763 2055 2076 2113 πολιτευμάτων,
2122 2058 2180 2100 ἔτι
2210 2057 2255 2100 δὲ

108 2134 260 2188 μᾶλλον
284 2131 621 2189 Ἀριστοτέλει
664 2134 874 2190 μάρτυρι
920 2138 1020 2177 hein.
1053 2139 1138 2177 lenc.
1169 2139 1235 2177 40.
1270 2135 1351 2177 111.
1386 2137 1479 2176 520.
1541 2136 1770 2178 Meditanti
1817 2138 1919 2177 mihi
1966 2138 2084 2179 nullo
2131 2139 2257 2180 modo

108 2213 280 2254 dativus
312 2215 523 2269 explicari
554 2230 682 2269 posse
714 2215 897 2265 videtur,
928 2217 1012 2256 nisi
1043 2224 1089 2256 ut
1119 2216 1392 2257 instrumenti
1423 2231 1520 2256 esse
1550 2217 1832 2257 existimetur.
1890 2216 1991 2258 Jam
2025 2218 2110 2259 duo
2143 2229 2255 2268 sunt,

108 2293 150 2333 in
183 2294 341 2347 quibus
374 2294 558 2334 maxime
590 2294 798 2347 offendas,
830 2296 1031 2350 primum,
1063 2296 1179 2349 quod
1211 2310 1397 2350 persona
1428 2296 1699 2336 instrumenti
1731 2297 1825 2337 loco
1859 2298 1926 2347 sit,
1959 2297 2072 2351 quod
2106 2298 2189 2337 nisi
2213 2300 2255 2338 in

109 2373 368 2414 militaribus
400 2373 581 2414 vocibus
613 2389 831 2428 nunquam
870 2375 1053 2430 reperiri
1091 2376 1350 2429 cognovisse
1389 2375 1539 2415 videor
1577 2375 1675 2425 (Kr.
1707 2377 1774 2416 48.
1809 2376 1870 2415 15.
1903 2375 2035 2428 3.)*);
2082 2377 2254 2427 deinde,

108 2453 223 2507 quod
255 2454 532 2508 participium
566 2454 786 2503 omissum,
832 2454 876 2494 id
917 2454 1032 2509 quod
1064 2455 1172 2495 adeo
1204 2455 1247 2494 in
1278 2455 1480 2509 genetivo
1513 2453 1629 2508 apud
1661 2458 1899 2509 poetasque
1931 2455 1998 2495 bis
2030 2467 2149 2496 terve
2182 2473 2255 2498 oc-

108 2533 241 2572 currit
273 2532 368 2585 (Kr.
399 2535 465 2574 47.
497 2534 535 2572 4.
568 2534 638 2584 6.).
697 2531 864 2594 Nesc·
889 2534 1036 2587 igitur,
1069 2548 1154 2588 quo
1187 2541 1312 2589 pacto
1345 2534 1457 2574 hunc
1489 2533 1631 2574 locum
1664 2534 1877 2589 explicem
1909 2535 1991 2575 nisi
2025 2535 2255 2576 latinismo.

858 2621 912 2675 4)
967 2622 1210 2665 Genetivus
1243 2623 1494 2672 absolutus,

108 2701 266 2755 quibus
298 2701 404 2742 locis
437 2702 607 2742 dativus
639 2703 842 2758 usurpari
874 2703 995 2744 solet.
1045 2702 1203 2744 Notum
1227 2710 1305 2753 est,
1326 2704 1369 2743 in
1392 2702 1691 2743 describendis
1714 2703 1821 2743 locis
1846 2703 1899 2744 ad
1923 2711 2087 2758 partem
2117 2721 2253 2759 quau—

107 2781 206 2821 dam
252 2780 526 2821 indicandam
559 2782 752 2823 dativum
781 2782 1004 2823 relationis
1050 2798 1148 2823 cum
1182 2783 1414 2838 participio
1445 2783 1648 2837 usurpari
1681 2782 1821 2823 solere
1854 2783 1929 2831 (cf.
1961 2783 2102 2837 Kriig.
2127 2784 2192 2824 48.
2216 2787 2254 2825 5.

106 2862 146 2901 2.
195 2859 343 2900 Madv.
365 2861 397 2911 ξ.
421 2861 488 2910 38,
511 2860 551 2900 b.
595 2860 702 2901 Mat.
725 2862 757 2913 ξ.
778 2863 898 2911 39());
930 2861 1133 2916 idemque
1166 2861 1283 2918 apud
1305 2861 1549 2901 Lucianum
1582 2861 1796 2902 interdum
1827 2864 2036 2903 occurrit:
2069 2862 2109 2903 έν
2140 2861 2255 2920 δεξιᾷ

106 2936 179 2993 μὲν
208 2930 274 2980 οὖν
304 2935 460 2987 εἶςιόντι
489 2934 769 2994 ἀναμέμικται
798 2940 868 2981 De
900 2940 1028 2982 Dom.
1050 2943 1117 2982 22.
1139 2941 1222 2982 111.
1247 2942 1342 2981 203.
1394 2937 1552 2988 εἰςιόντι
1582 2937 1625 2981 δὲ
1655 2939 1697 2990 ἐς
1725 2937 1799 2997 τὴν
1827 2938 1939 2983 πόλιν
1969 2941 2010 2982 ἐν
2039 2939 2152 2998 δεξιᾷ
2182 2942 2255 2997 μέν

107 3017 192 3059 ἐστι
223 3017 274 3060 V.
295 3016 410 3058 Hist.
432 3017 481 3057 B.
504 3019 571 3058 33.
593 3018 653 3060 ΙΙ.
676 3035 718 3075 p.
743 3021 834 3060 129.
885 3018 1150 3075 Plerumque
1183 3027 1325 3061 autem
1356 3020 1560 3073 genetivo
1591 3020 1791 3062 absoluto
1822 3020 1931 3062 Luc.
1954 3023 2101 3071 utitur,
2124 3036 2253 3075 quem

308 3152 346 3205 *)
378 3156 422 3194 In
454 3156 555 3194 hane
586 3156 704 3216 etiam
734 3163 886 3207 partem
917 3158 1254 3210 Xenophonteum
1286 3158 1383 3196 illud
1417 3158 1691 3208 accipiendum
1724 3165 1804 3197 est:
1842 3151 2135 3211 φυλαττόμενοι
2164 3155 2252 3198 ἱκα-

107 3221 188 3269 νοίς
217 3216 366 3274 φύλαξι
392 3225 526 3262 Anab.
561 3225 597 3261 6.
631 3225 668 3262 2.
702 3224 767 3263 27.
1681 3219 1692 3226 ‘

1934 3304 1953 3343 7
