2456 3501
283 322 610 363 Alienissimum
643 319 886 361 Atticorum
917 320 1082 361 ratione
1113 334 1192 374 pro
1223 320 1269 359 in
1300 333 1335 359 c.
1361 318 1490 360 ablat.
1519 319 1588 360 vel
1621 320 1758 370 intra,
1788 327 1834 361 ut
1864 321 1907 361 in
1941 320 2031 361 his:
2061 316 2108 360 τὸ
2138 333 2228 361 κυο-

80 404 213 457 φορείν
241 396 340 442 καῖ
377 397 468 441 ’ὅλου
497 401 568 442 τοῦ
599 397 787 454 σώματος
816 395 1057 453 αἰσχύνομαι
1086 396 1160 440 καί
1188 397 1315 452 λέγειν
1347 399 1487 450 l'hilop.
1519 400 1557 438 4.
1589 397 1672 438 III.
1704 400 1798 438 591.

282 478 520 520 Rarissime
562 479 691 518 etiam
723 477 838 533 apud
871 478 1070 531 antiquos
1101 493 1180 532 pro
1213 477 1359 526 „ad“‚
1397 485 1443 516 ut
1475 477 1736 527 ‚‚deorsum“
1767 477 2035 518 subobscure
2068 480 2228 519 sentia-

81 567 161 607 tur,
191 566 445 613 usurpatum
480 559 696 598 invenitur
726 573 804 597 nee
835 557 926 596 fere
956 558 1039 597 nisi
1072 557 1114 597 in
1140 557 1362 611 perpetuis
1386 556 1615 597 verborum
1639 556 2026 611 complexionibus,
2050 565 2094 597 ut
2115 554 2229 598 κατὰ

76 635 240 691 κόᾷῥης,
270 634 445 691 γαστρὸς
474 635 628 684 παίειν;
659 633 771 677 κατὰ
799 633 932 690 χειρὸς
962 633 1087 689 ὕδωρς
1117 635 1291 675 facilius
1322 635 1465 684 fiebat,
1499 636 1533 675 si
1556 635 1816 685 ‚,de0rsum“
1839 636 1954 676 clare
1976 636 2227 690 fortiterque

80 717 332 771 praedicare
365 716 580 765 volebant,
613 723 656 755 ut
688 713 810 769 μύρον
838 712 952 756 κατὰ
981 715 1057 770 τῆς
1084 715 1270 770 κεφαλῆς
1298 714 1582 768 καταχέαντες
1613 713 1721 755 Plat.
1743 714 1875 769 Resp.
1898 716 1936 755 3.
1969 729 2009 769 p.
2032 718 2125 755 398.
2158 715 2228 763 A„

79 796 161 836 nisi
193 795 300 836 forte
333 810 410 849 pro
439 795 566 844 „de“
597 796 783 850 positum
814 801 891 835 est.
941 793 1094 847 Itaque
1125 794 1378 834 insolentius
1411 794 1572 834 dietum
1610 809 1678 848 ap.
1704 793 1834 835 Luca
1865 789 1977 834 κατὰ
2006 795 2083 834 τῶν
2102 792 2228 835 >albem

79 870 123 914 τὸ
163 871 285 915 αὑτοῦ
323 870 450 928 ὄνομα
487 873 659 929 ἔγραψεν
698 873 766 913 De
805 873 902 914 hist.
941 888 1105 914 censer.
1139 875 1204 913 652.
1239 872 1295 912 11.
1329 875 1395 914 (ἰδ’.
1446 869 1557 914 κατὰ
1596 871 1732 927 τοίχου
1766 870 1870 921 τινος
1910 871 2021 926 ἔλεγε
2050 887 2226 926 καταγε-

77 951 264 1008 γράφῖἲαι
292 950 469 1007 τοῦνομα
499 954 662 1008 (paullo
686 951 921 1008 stuprat-37:¹1)
955 952 1073 993 Dial.
1100 952 1210 992 Mer.
1233 954 1271 994 4.
1300 955 1338 992 3.
1364 952 1444 992 III.
1468 955 1560 992 257.
1614 952 1832 993 Facilius:
1865 950 2000 1006 φείδου
2030 949 2086 1006 μὴ
2117 947 2228 992 κατὰ

76 1033 148 1072 τοῦ
180 1028 394 1087 ὃλισῗῑηροῢ
424 1036 564 1073 πατεῖν
593 1031 723 1073 Char.
756 1034 793 1072 5.
826 1032 860 1072 1.
892 1034 987 1072 497.

277 1111 485 1152 Mirabile
524 1108 655 1153 κατὰ
692 1109 856 1165 χειρός
893 1126 971 1166 pro
1008 1108 1083 1166 πρὸ
1123 1108 1254 1166 χειρός
1292 1111 1363 1163 (ad
1397 1127 1568 1151 manum
1601 1134 1652 1141 -
1685 1111 1765 1152 sub
1799 1114 1961 1161 manu),
2000 1106 2045 1151 τὸ
2085 1108 2129 1150 δὲ
2159 1108 2226 1151 σὀν

76 1189 188 1231 κατὰ.
216 1188 347 1245 χειρὸς
378 1190 589 1245 ἐπίδρομον
620 1193 718 1231 nem.
752 1194 834 1231 Eue.
870 1194 933 1230 10.
966 1190 1047 1231 III.
1080 1193 1191 1240 495„
1238 1191 1321 1230 nisi
1354 1206 1451 1231 cum
1482 1189 1693 1246 ἐπίδρομον
1724 1190 1831 1231 illud
1863 1189 2226 1243 conjungendum,

76 1270 191 1323 quod
234 1269 388 1311 Jacob.
435 1272 595 1311 omissa
639 1271 983 1324 interpunctione
1015 1271 1264 1324 significare
1296 1270 1482 1320 videtur,
1531 1278 1577 1310 ut
1609 1271 1683 1310 sit:
1734 1270 1850 1323 quod
1882 1269 1993 1310 ultro
2024 1270 2146 1322 quasi
2179 1269 2222 1308 in

78 1364 228 1389 manus
264 1349 441 1399 decidit,
473 1366 552 1391 nec
583 1351 664 1390 nisi
698 1349 931 1390 attollendo
963 1364 1009 1389 se
1040 1350 1109 1389 vel
1141 1349 1413 1389 escendendo
1444 1364 1568 1390 nemo
1600 1350 1792 1404 arripere
1824 1355 1974 1403 potest.

276 1428 527 1469 mirabilius
573 1429 721 1469 etiam:
768 1425 787 1469 ὃ
823 1425 1019 1477 πολλάκις
1061 1425 1174 1484 ἡμᾶς
1203 1425 1318 1470 καῖ
1347 1427 1480 1483 ῖερῶν
1517 1427 1676 1470 τελείων
1708 1425 1947 1476 ἑστιάσας
1977 1426 2086 1467 Tim.
2121 1429 2156 1467 7.
2189 1426 2225 1466 Ι.

78 1510 183 1557 113.,
215 1508 329 1561 quod
361 1509 597 1549 imitatione
629 1510 960 1549 constructionis
992 1509 1221 1549 verborum
1254 1503 1432 1562 ὀμνύναι,
1464 1504 1659 1562 εὕχεσῖῑαι
1692 1517 1771 1549 etc.
1804 1518 1941 1549 ortum
1974 1526 2069 1551 esse
2101 1512 2223 1552 vide-

73 1596 155 1635 tur,
188 1588 264 1627 sed
305 1602 535 1642 perversa3
581 1603 677 1628 nam
718 1583 885 1642 ὀμνύναι
913 1583 1017 1630 καῖ
1045 1586 1154 1642 ἱερῶν
1185 1588 1362 1637 dietum,
1395 1589 1509 1641 quod
1541 1589 1584 1628 in
1609 1589 1795 1641 jurando
1828 1605 1979 1629 manus
2011 1591 2064 1630 ad
2099 1606 2224 1631 sacra

74 1666 406 1706 demittebantur
437 1667 504 1706 vel
537 1667 589 1707 iis
622 1668 949 1720 injiciebantur3
982 1667 1058 1707 sed
1090 1667 1194 1721 quid
1228 1667 1311 1707 sibi
1344 1667 1456 1707 vult:
1488 1662 1591 1708 >taff
1621 1665 1731 1722 ἱερῶν
1762 1667 1926 1709 ἕστιᾶνῖ)

272 1742 385 1786 κατά
431 1760 507 1800 pro
555 1751 734 1794 contra,
782 1746 1004 1787 adversus
1049 1756 1143 1802 post
1176 1747 1355 1787 verbum
1388 1748 1549 1801 agendi
1580 1748 1819 1788 inauditum
1852 1748 1967 1803 apud
2000 1749 2222 1802 antiquos:

73 1825 159 1865 noli
190 1825 302 1864 enim
336 1825 525 1873 eredere,
558 1826 620 1865 sie
651 1827 837 1880 positum
869 1840 965 1866 esse
997 1826 1112 1880 apud
1151 1826 1413 1881 Sophoclem
1450 1825 1609 1869 Electr.
1642 1829 1736 1867 834.
1786 1823 1878 1868 κατ’
1914 1827 2010 1881 ἐμοῦ
2050 1829 2222 1882 τακομέ-

71 1917 143 1953 νας
187 1905 338 1958 μᾶλλον
377 1901 611 1958 ἐπεμβάσει,
656 1919 741 1958 quo
787 1905 882 1946 loco
927 1905 1123 1946 localiter
1154 1905 1315 1946 dietum
1355 1920 1433 1960 pro
1466 1906 1511 1945 in
1543 1910 1621 1954 (sc.
1654 1906 1881 1946 insultabis
1914 1907 2052 1958 mihi.)
2115 1907 2223 1948 Luc.

73 1986 219 2024 Charini.
254 1987 317 2024 18.
368 1983 585 2039 γενομένης
613 1986 688 2039 τῆς
718 1983 935 2039 στρατείας
963 1981 1075 2026 κατὰ
1107 1986 1184 2026 τῶν
1216 1981 1363 2039 Τρώων
1392 1982 1465 2025 καὶ
1493 1985 1569 2039 τῆς
1597 1981 1799 2039 Εὐρώπης
1826 1987 1978 2039 πρῶτον
2007 1983 2118 2027 κατὰ
2148 1987 2224 2040 τῆς

67 2060 211 2111 Ἀσίας
240 2060 452 2117 ἐλῗῑούσης.

889 2143 934 2195 h)
977 2157 1071 2185 cum
1104 2145 1400 2184 accusativo.-

271 2221 368 2263 Non
399 2223 621 2277 eleganter
652 2224 837 2278 positum
868 2221 981 2265 κατά
1011 2225 1076 2264 in:
1123 2223 1204 2264 ἔδει
1234 2218 1443 2264 ἀναπλεῖν
1471 2219 1606 2265 κατὰ
1635 2221 1704 2265 τὸν
1727 2220 1945 2278 Ἠριδανόν
1984 2224 2052 2264 De
2083 2223 2219 2270 Elect.

72 2304 108 2340 2.
135 2300 215 2341 ΙΙΙ.
240 2303 320 2352 88.,
353 2303 425 2343 sed
460 2304 621 2358 pariter
643 2303 758 2358 apud
783 2304 1038 2344 Arrianum:
1069 2300 1163 2353 τοὺς
1194 2299 1224 2344 δ’
1251 2300 1315 2344 ε’πί
1344 2303 1421 2344 τῶν
1454 2303 1547 2343 νεῶν
1577 2298 1768 2344 ἀναπλεῖν
1798 2301 1909 2343 κατὰ
1939 2300 2009 2344 τὸν
2039 2301 2221 2357 ποταμὲν

71 2377 267 2429 κελεύσας
295 2383 333 2421 3.
368 2384 403 2422 1.
435 2384 473 2422 3.

272 2459 415 2516 Saepe
447 2461 686 2511 Lueianus,
718 2462 833 2516 quod
864 2477 961 2504 raro
993 2463 1158 2516 antiqui
1191 2463 1401 2511 fecerunt,
1433 2458 1547 2502 κατά
1569 2476 1646 2516 pro
1667 2459 1784 2516 πρός
1814 2476 1849 2500 e.
1872 2476 2015 2501 accus.
2041 2480 2097 2495 z
2119 2475 2218 2502 rer-

71 2551 162 2587 sus,
207 2538 285 2588 ad,
329 2542 492 2595 posuit:
538 2538 855 2595 προςελάσαντες
890 2537 979 2582 κατ’
1015 2541 1141 2583 ἐκεῖνο
1175 2541 1224 2583 V.
1258 2541 1370 2583 Hist.
1403 2541 1451 2581 B.
1483 2543 1549 2581 43.
1582 2540 1641 2581 ΙΙ.
1676 2544 1766 2583 136.
1818 2538 1858 2581 τί
1897 2537 1942 2581 οὐ
1973 2538 2219 2596 διανήχομαι

70 2613 157 2659 κατ’
195 2613 343 2667 αὐτούς
373 2618 525 2674 Catap.
561 2623 622 2661 18.
658 2620 689 2660 Ι.
723 2623 816 2661 640.
866 2617 959 2662 κατ’
994 2620 1121 2662 ἐκεῖνο
1152 2617 1380 2675 ἀπόβλεψον
1409 2620 1526 2660 Dial.
1558 2619 1687 2661 Mort.
1722 2622 1784 2660 18.
1812 2621 1846 2659 1.
1869 2619 1904 2659 Ι.
1927 2621 2020 2662 408.
2069 2615 2171 2661 καῖ
2197 2617 2217 2660 ὃ

70 2695 266 2747 βλέποντα
295 2696 447 2739 ἐποίουν
475 2696 529 2739 τὰ
561 2696 648 2753 ἱερά
678 2700 748 2740 De
782 2699 907 2741 Dom.
940 2702 977 2740 6.
1010 2700 1092 2740 ΠΙ.
1128 2703 1218 2742 194.

863 2794 942 2834 pro
975 2780 1163 2835 simplici
1194 2780 1419 2834 genetivo:

272 2854 369 2897 Hoc
400 2857 552 2897 vitium
577 2859 667 2912 jam
700 2873 753 2899 ex
785 2857 972 2912 Polybio
1003 2860 1047 2900 in
1077 2859 1224 2900 literas
1256 2858 1448 2900 Graecas
1481 2859 1655 2914 irrepsit
1687 2858 1739 2898 ab
1772 2872 1909 2910 eoque
1933 2859 2117 2897 maxime
2141 2856 2215 2896 :ul-

69 2935 261 2975 missum.
323 2934 438 2976 Sane
462 2937 551 2989 jam
583 2938 700 2992 apud
731 2938 997 2991 antiquiores
1028 2936 1142 2980 κατά
1172 2953 1477 2991 nonnunquam
1510 2939 1710 2985 occurrit,
1756 2937 1830 2976 ubi
1863 2937 2047 2991 simplex
2079 2951 2213 2989 gene-

69 3014 183 3053 tivus
214 3013 472 3063 sufficiebat,
504 3030 643 3069 neque
675 3024 830 3066 tamen,
861 3024 907 3057 ut
938 3021 1071 3058 altera
1101 3018 1224 3058 alteri
1255 3017 1408 3057 rationi
1433 3032 1511 3071 par
1532 3017 1774 3056 haberetur.
1823 3015 1966 3056 Aliter
1991 3015 2107 3070 apud
2130 3014 2217 3055 Po-

70 3092 235 3145 lybium
273 3095 635 3148 recentioresque,
680 3097 724 3136 in
763 3097 904 3149 iisque
943 3096 1210 3137 Lucianum:
1258 3093 1403 3137 πολλαὶ
1440 3093 1569 3150 φιλίαι
1597 3093 1670 3136 καὶ
1700 3089 1801 3135 οἶκοι
1831 3091 2110 3149 συνεχύῗῖησαν
2140 3090 2214 3136 ὑπὸ

68 3172 144 3225 τῆς
172 3167 285 3213 κατὰ
318 3169 396 3220 τὰς
432 3170 624 3223 διαβολὰς
658 3172 935 3231 πιῇανότητος
979 3174 1072 3216 Cal.
1107 3178 1142 3216 1.
1175 3175 1256 3217 111.
1290 3178 1382 3216 127.
1434 3172 1528 3229 ἄχρι
1566 3172 1616 3217 ἂν
1646 3171 1846 3228 ἐκβάλωσι
1873 3169 1968 3223 τοὺς
1997 3170 2108 3214 κατὰ
2136 3175 2213 3214 Λν-

68 3250 234 3304 κοῦργον
264 3249 300 3292 οἱ
328 3247 430 3295 >taff
457 3247 672 3306 Ἠρακλέα
702 3253 868 3295 Anaeh.
891 3256 957 3296 38.
980 3254 1038 3296 II.
1061 3257 1154 3296 919.
1187 3255 1262 3308 (sc.
1295 3255 1369 3308 qui
1402 3254 1455 3295 ab
1487 3254 1679 3295 Hercule
1711 3260 1824 3294 stant
1846 3278 1896 3283 —
1923 3252 1977 3293 ab
2008 3252 2214 3293 Herculis

1893 3336 1915 3373 8
