2456 3501
1259 145 1345 191 58

212 305 496 364 Ἀριστάνδρου
524 303 598 348 καὶ
621 302 927 362 Ἀρτεμιδώρου,
958 302 1018 348 Οὐ
1039 303 1175 355 καλῶς
1204 301 1485 362 ἀποβήσονται
1509 305 1560 349 C.
1583 309 1649 349 21.
1672 307 1756 349 ΙΙΙ.
1777 309 1873 349 609.
1918 299 1970 363 ἦν
1989 303 2021 348 δ’
2041 303 2120 362 ἐγὼ
2142 305 2238 363 πρὸς
2256 305 2367 364 Κρά-

218 403 325 430 τωνα
356 386 424 440 (C.
457 386 556 431 22).
601 378 651 441 ἦν
682 382 713 427 δ’
735 383 814 440 ἐγώ
833 382 1019 440 ’Ὀλίγοι
1048 399 1094 440 γε
1125 383 1196 435 (C.
1219 387 1304 438 23.)
1348 377 1399 441 ἦν
1429 381 1461 427 δ’
1483 383 1560 440 ἐγώ
1581 398 1590 408 ·
1611 384 1806 442 Χαίρουσί
1833 401 1880 440 γε
1915 384 1983 437 (C.
2007 388 2117 438 24.);
2151 387 2313 442 pariter
2340 379 2372 443 ’ἦ

219 465 338 517 δ’ἵς,
373 474 437 506 ut:
468 458 495 520 ἦ
527 466 550 507 δ
578 461 625 515 ὅς
646 477 655 486 ·
677 464 788 520 Σίγα
818 457 849 506 ὦ
880 463 1032 519 Κριτία
1061 463 1111 506 C.
1145 466 1210 505 22.

419 544 509 600 ἔφη
538 559 613 586 που
643 544 812 597 λέγων,
861 559 973 599 quae
1002 542 1187 585 donicae
1231 544 1442 585 ubertatis
1482 545 1551 585 vel
1591 545 1734 600 potius
1766 546 2042 587 verbositatis
2073 558 2170 586 esse
2202 545 2372 586 videtur

219 624 391 666 dicendi
422 626 566 678 figura
596 624 714 679 apud
745 623 1108 678 Herodotumque
1139 630 1204 664 ter
1235 625 1445 675 occurrit:
1477 623 1561 666 III.
1587 625 1680 666 156.
1705 623 1756 666 V.
1779 626 1845 665 36.
1879 624 1928 667 V.
1954 627 2034 674 49„
2066 624 2228 678 legitur
2260 624 2375 679 apud

217 704 459 745 Lus—janum
493 705 535 745 in
569 705 669 744 Rem.
702 705 786 743 Enc.
820 705 884 744 15.
919 702 1002 744 III.
1037 704 1131 744 502.

1149 975 1454 1043 Corrigenda.

624 1107 662 1144 p.
697 1096 733 1131 2.
766 1093 791 1130 1.
825 1094 862 1130 2.
895 1091 974 1141 leg.
1002 1093 1098 1141 jam
1130 1093 1360 1132 editores.

626 1175 664 1211 p.
699 1164 735 1199 2.
768 1161 792 1198 1.
826 1162 863 1198 2.
898 1160 1109 1198 delendum
1141 1161 1302 1199 verbum
1334 1161 1520 1199 referri.

624 1242 663 1279 p.
698 1231 733 1266 2.
767 1229 791 1266 l.
826 1230 891 1266 31.
925 1228 1002 1277 leg.
1037 1227 1279 1267 Nordhus.
1311 1241 1385 1280 pro
1420 1229 1649 1268 Nordhaus.

626 1310 665 1347 1).
700 1299 738 1334 4.
770 1297 794 1334 l.
833 1298 894 1334 18.
927 1296 1004 1345 leg.
1041 1301 1092 1334 ut
1121 1310 1214 1336 non
1245 1311 1318 1348 pro
1350 1311 1411 1336 ne.

623 1378 661 1415 p.
697 1367 732 1402 6.
766 1365 899 1402 infima
927 1365 953 1402 l.
986 1365 1063 1413 leg.
1096 1358 1367 1405 ὑποδύεται
1395 1379 1469 1417 pro
1501 1359 1729 1406 ὑποδύεται.

623 1446 662 1483 p.
698 1434 733 1470 6.
767 1433 899 1470 infima
929 1433 954 1471 1.
987 1433 1116 1471 insere
1148 1435 1332 1472 uncinum
1363 1441 1457 1485 post,
1488 1437 1553 1473 90.

623 1514 662 1552 1).
700 1500 734 1538 7.
766 1501 791 1538 1.
829 1503 892 1538 13.
925 1501 1002 1550 leg.
1035 1494 1145 1540 xcx&
1182 1515 1256 1552 pro
1288 1496 1409 1541 xa‘S‘.

621 1583 659 1619 p.
697 1568 731 1607 7.
764 1570 788 1607 1.
825 1570 889 1606 24.
922 1570 1019 1607 tolle
1051 1570 1234 1607 uncinum
1267 1576 1356 1608 ante
1391 1570 1622 1620 Sophisten.

622 1650 660 1687 1).
698 1640 760 1675 10.
792 1637 818 1674 l.
854 1639 918 1675 33.
950 1638 1029 1686 leg.
1063 1633 1242 1690 ῥᾳδίως
1272 1651 1346 1689 pro
1378 1634 1537 1690 ῥαδίως.

623 1718 662 1755 1).
700 1707 762 1742 11.
795 1705 819 1742 1.
855 1707 919 1743 33.
952 1706 1030 1754 leg.
1065 1700 1158 1743 εἰσι
1187 1718 1260 1755 pro
1291 1702 1378 1744 εἰσι.

622 1786 661 1823 p.
699 1775 761 1810 12.
812 1803 818 1810 .
852 1774 890 1810 4.
923 1774 1000 1822 leg.
1035 1767 1242 1824 ἄπτερον
1272 1786 1344 1824 pro
1378 1768 1571 1827 ἄπτεφον.

622 1854 661 1891 1).
701 1840 763 1878 17.
813 1871 820 1878 .
854 1842 920 1878 22.
953 1841 1030 1890 leg.
1066 1836 1179 1894 ῥᾷον
1208 1854 1280 1891 pro
1317 1839 1423 1895 ρᾷον.

624 1922 662 1959 p.
702 1907 763 1946 17.
815 1939 821 1945 .
857 1910 921 1946 30.
956 1909 1034 1958 leg.
1070 1903 1343 1962 αἰγλήεντα
1372 1923 1446 1960 pro
1480 1905 1707 1962 αἰγληέντα.

621 1989 660 2026 1).
699 1978 761 2014 19.
811 2006 817 2014 .
855 1978 916 2015 18.
948 1977 1026 2026 leg.
1059 1978 1513 2027 reprehendendum
1544 1990 1618 2028 pro
1649 1978 1950 2029 reprehendun).

623 2057 662 2095 p.
697 2046 762 2082 24.
813 2075 819 2082 .
857 2046 894 2082 6.
925 2045 1003 2094 leg.
1037 2038 1099 2096 μή
1131 2058 1203 2095 pro
1237 2058 1305 2098 μη.

623 2125 662 2162 1).
696 2114 762 2149 24.
811 2142 818 2149 .
854 2114 919 2150 33.
951 2113 1029 2162 leg.
1063 2109 1240 2166 ῥᾳδίως
1270 2127 1342 2163 pro
1376 2109 1534 2165 ῥαδίως.

625 2803 662 2840 1).
695 2792 762 2828 43.

621 2871 660 2907 p.
693 2860 760 2896 46.
853 2862 914 2897 19.
947 2861 1025 2909 leg.
1060 2861 1184 2898 fecit
1214 2872 1287 2909 pro
1320 2861 1427 2898 facit.

627 2939 664 2974 p.
697 2928 764 2964 48.
798 2928 822 2964 1.
858 2930 922 2965 25.
955 2929 1033 2977 leg.
1066 2920 1407 2978 διαφυλάττον
1436 2940 1509 2978 pro
1541 2920 1824 2979 διαφύλαττον.

625 3005 661 3041 p.
695 2995 760 3031 49.
794 2996 818 3032 1.
861 2998 922 3033 19.
955 2996 1033 3045 leg.
1066 2991 1214 3032 ἔκλαε
1243 3007 1316 3044 pro
1349 2991 1483 3048 ἕκλᾳε.

627 3073 661 3108 p.
698 3063 761 3099 50.
795 3063 819 3100 l.
854 3066 889 3100 2.
923 3064 1000 3112 leg.
1033 3057 1104 3109 εἰς
1133 3075 1205 3112 pro
1237 3058 1306 3108 ἐις.

794 1773 807 1810 l

796 1841 807 1878 1

797 1909 809 1945 1

792 1977 804 2013 l

794 2045 806 2081 l

793 2112 805 2149 l

794 2181 806 2218 1

795 2249 807 2285 l

625 2329 662 2366 p.
696 2318 761 2354 28.
795 2316 820 2353 l.
855 2317 920 2354 28.
952 2317 1030 2366 leg.
1065 2309 1235 2356 ὀϊστῶν
1265 2330 1338 2367 pro
1371 2316 1522 2356 οἰστῶν.

796 2397 809 2422 1

794 2453 806 2490 1

795 2521 806 2557 1

794 2589 806 2625 1

794 2657 806 2692 1

794 2724 805 2760 1

795 2792 819 2829 l.
854 2794 918 2829 25.
951 2793 1028 2841 leg.
1062 2784 1169 2844 μήτ’
1204 2804 1276 2842 pro
1309 2785 1417 2843 μητ’.

792 2860 802 2896 1

624 2194 664 2230 p.
696 2182 760 2218 28.
812 2211 819 2218 .
854 2183 891 2218 8.
921 2181 1001 2230 leg.
1034 2177 1212 2234 ῥᾳδίως
1241 2194 1315 2232 pro
1348 2178 1507 2233 ῥαδίως.

624 2261 662 2297 1).
697 2250 762 2285 28.
814 2279 819 2286 .
857 2251 918 2286 10.
952 2249 1031 2297 leg.
1061 2244 1270 2301 Αἰῖῑίοψι
1300 2263 1372 2300 pro
1403 2245 1595 2301 Αἰῖῖίωψι.

624 2397 663 2434 p.
698 2386 763 2422 39.
813 2385 915 2423 nfim.
947 2385 973 2422 1.
1005 2385 1082 2433 leg.
1115 2379 1281 2437 γήμας
1310 2397 1382 2436 pro
1413 2385 1566 2438 γῆμας.

624 2465 662 2501 1).
695 2453 762 2489 40.
813 2483 819 2489 .
854 2455 890 2490 2.
923 2453 1001 2501 leg.
1037 2448 1272 2505 ῥαψῳδῶν
1302 2465 1374 2503 pro
1407 2449 1612 2505 ῥαψωδῶν.

624 2532 662 2569 p.
695 2522 763 2558 41.
813 2551 820 2558 .
855 2522 920 2557 28.
952 2521 1030 2569 leg.
1065 2516 1244 2572 ῥᾳδίας
1273 2534 1346 2570 pro
1379 2516 1535 2571 βαδίας.

624 2600 661 2636 1).
695 2589 761 2625 42.
813 2619 819 2625 .
855 2589 920 2625 25.
952 2588 1031 2637 leg.
1066 2581 1295 2640 ἀοίδιμον
1324 2601 1397 2638 pro
1430 2582 1623 2640 ἀοιδιμον.

624 2667 662 2704 1).
696 2658 762 2694 42.
813 2686 819 2692 .
853 2657 919 2694 26.
951 2656 1028 2704 leg.
1063 2651 1397 2708 διαφυλάττον
1426 2669 1498 2707 pro
1530 2650 1816 2708 διαφύλαττον.

623 2735 661 2772 1).
695 2724 761 2761 46.
810 2753 818 2762 .
852 2725 916 2761 21.
950 2724 1050 2761 haec
1081 2725 1218 2762 eadem
1250 2725 1329 2762 duo
1360 2725 1504 2762 menda
1534 2726 1710 2763 redeunt.
