<?xml version="1.0" encoding="UTF-8"?>
<!DOCTYPE html PUBLIC "-//W3C//DTD XHTML 1.0 Transitional//EN"
    "http://www.w3.org/TR/xhtml1/DTD/xhtml1-transitional.dtd">
<html xmlns="http://www.w3.org/1999/xhtml" xml:lang="en" lang="en">
 <head>
  <title>
</title>
<meta http-equiv="Content-Type" content="text/html;charset=utf-8" />
  <meta name='ocr-system' content='tesseract 3.04.00' />
  <meta name='ocr-capabilities' content='ocr_page ocr_carea ocr_par ocr_line ocrx_word'/>
</head>
<body>
  <div class='ocr_page' id='page_1' title='image "./grammaticaquamlu00dumeuoft_0023.png"; bbox 0 0 2456 3501; ppageno 0'>
   <div class='ocr_carea' id='block_1_1' title="bbox 95 169 2243 700">
    <p class='ocr_par' dir='ltr' id='par_1_1' title="bbox 95 169 2243 700">
     <span class='ocr_line' id='line_1_1' title="bbox 1139 169 1210 215; baseline 0.028 -2"><span class='ocrx_word' id='word_1_1' title='bbox 1139 169 1210 215; x_wconf 80' lang='lat'>¹5</span> 
     </span>
     <span class='ocr_line' id='line_1_2' title="bbox 101 328 2240 385; baseline 0 -14"><span class='ocrx_word' id='word_1_2' title='bbox 101 330 242 384; x_wconf 85' lang='lat' dir='ltr'>magis</span> <span class='ocrx_word' id='word_1_3' title='bbox 280 345 305 371; x_wconf 87' lang='lat' dir='ltr'>a</span> <span class='ocrx_word' id='word_1_4' title='bbox 343 331 556 371; x_wconf 88' lang='lat' dir='ltr'>communi</span> <span class='ocrx_word' id='word_1_5' title='bbox 594 331 758 370; x_wconf 85' lang='lat' dir='ltr'>ratione</span> <span class='ocrx_word' id='word_1_6' title='bbox 796 331 1025 379; x_wconf 88' lang='lat' dir='ltr'>remotum)</span> <span class='ocrx_word' id='word_1_7' title='bbox 1063 328 1171 370; x_wconf 87' lang='lat' dir='ltr'>Tox.</span> <span class='ocrx_word' id='word_1_8' title='bbox 1203 332 1240 370; x_wconf 85' lang='lat'>7.</span> <span class='ocrx_word' id='word_1_9' title='bbox 1281 329 1339 370; x_wconf 86' lang='lat'>11.</span> <span class='ocrx_word' id='word_1_10' title='bbox 1371 331 1479 380; x_wconf 68' lang='lat'>514„</span> <span class='ocrx_word' id='word_1_11' title='bbox 1517 331 1600 371; x_wconf 91' lang='lat' dir='ltr'>nisi</span> <span class='ocrx_word' id='word_1_12' title='bbox 1638 330 1744 371; x_wconf 76' lang='lat' dir='ltr'>sorte</span> <span class='ocrx_word' id='word_1_13' title='bbox 1783 330 1972 385; x_wconf 85' lang='lat' dir='ltr'>elliptice</span> <span class='ocrx_word' id='word_1_14' title='bbox 2009 330 2240 385; x_wconf 83' lang='lat' dir='ltr'>intellegis,</span> 
     </span>
     <span class='ocr_line' id='line_1_3' title="bbox 100 404 2242 464; baseline -0 -14"><span class='ocrx_word' id='word_1_15' title='bbox 100 408 202 463; x_wconf 62' lang='grc' dir='ltr'><strong>λέγω</strong></span> <span class='ocrx_word' id='word_1_16' title='bbox 240 417 378 450; x_wconf 89' lang='lat' dir='ltr'>mente</span> <span class='ocrx_word' id='word_1_17' title='bbox 415 409 676 461; x_wconf 83' lang='lat' dir='ltr'>interjiciens</span> <span class='ocrx_word' id='word_1_18' title='bbox 715 408 847 462; x_wconf 81' lang='grc' dir='ltr'><strong>(λέγω,</strong></span> <span class='ocrx_word' id='word_1_19' title='bbox 885 404 947 449; x_wconf 64' lang='grc' dir='ltr'>’ότι</span> <span class='ocrx_word' id='word_1_20' title='bbox 986 404 1098 449; x_wconf 78' lang='grc' dir='ltr'>οὐδὲν</span> <span class='ocrx_word' id='word_1_21' title='bbox 1137 412 1252 457; x_wconf 63' lang='lat' dir='ltr'>etc).</span> <span class='ocrx_word' id='word_1_22' title='bbox 1312 408 1458 463; x_wconf 84' lang='lat' dir='ltr'>Atque</span> <span class='ocrx_word' id='word_1_23' title='bbox 1505 409 1612 450; x_wconf 89' lang='lat' dir='ltr'>adeo</span> <span class='ocrx_word' id='word_1_24' title='bbox 1657 410 1838 464; x_wconf 81' lang='lat' dir='ltr'>primam</span> <span class='ocrx_word' id='word_1_25' title='bbox 1879 424 2105 463; x_wconf 78' lang='lat' dir='ltr'>personam</span> <span class='ocrx_word' id='word_1_26' title='bbox 2144 424 2242 449; x_wconf 91' lang='lat' dir='ltr'>eon-</span> 
     </span>
     <span class='ocr_line' id='line_1_4' title="bbox 95 483 2243 543; baseline 0 -15"><span class='ocrx_word' id='word_1_27' title='bbox 95 488 279 543; x_wconf 77' lang='lat' dir='ltr'>junctivi</span> <span class='ocrx_word' id='word_1_28' title='bbox 324 501 420 527; x_wconf 92' lang='lat' dir='ltr'>eum</span> <span class='ocrx_word' id='word_1_29' title='bbox 464 483 570 535; x_wconf 67' lang='grc' dir='ltr'>ὅπως</span> <span class='ocrx_word' id='word_1_30' title='bbox 609 488 876 540; x_wconf 86' lang='lat' dir='ltr'>conjunctam</span> <span class='ocrx_word' id='word_1_31' title='bbox 917 487 1172 538; x_wconf 81' lang='lat' dir='ltr'>invenimus,</span> <span class='ocrx_word' id='word_1_32' title='bbox 1218 488 1277 527; x_wconf 87' lang='lat' dir='ltr'>ita</span> <span class='ocrx_word' id='word_1_33' title='bbox 1311 495 1357 527; x_wconf 93' lang='lat' dir='ltr'>ut</span> <span class='ocrx_word' id='word_1_34' title='bbox 1395 503 1478 528; x_wconf 92' lang='lat' dir='ltr'>non</span> <span class='ocrx_word' id='word_1_35' title='bbox 1517 489 1774 543; x_wconf 85' lang='lat' dir='ltr'>imperativa</span> <span class='ocrx_word' id='word_1_36' title='bbox 1807 488 1905 528; x_wconf 85' lang='lat' dir='ltr'>huie</span> <span class='ocrx_word' id='word_1_37' title='bbox 1938 489 2243 529; x_wconf 83' lang='lat' dir='ltr'>constructioni</span> 
     </span>
     <span class='ocr_line' id='line_1_5' title="bbox 103 558 2243 621; baseline -0 -13"><span class='ocrx_word' id='word_1_38' title='bbox 103 567 179 608; x_wconf 86' lang='lat' dir='ltr'>sed</span> <span class='ocrx_word' id='word_1_39' title='bbox 204 566 351 621; x_wconf 86' lang='lat' dir='ltr'>potius</span> <span class='ocrx_word' id='word_1_40' title='bbox 383 567 575 620; x_wconf 87' lang='lat' dir='ltr'>optativa</span> <span class='ocrx_word' id='word_1_41' title='bbox 605 566 670 606; x_wconf 89' lang='lat' dir='ltr'>vis</span> <span class='ocrx_word' id='word_1_42' title='bbox 703 567 822 606; x_wconf 87' lang='lat' dir='ltr'>insit:</span> <span class='ocrx_word' id='word_1_43' title='bbox 869 561 952 607; x_wconf 84' lang='grc' dir='ltr'>ἀλλ’</span> <span class='ocrx_word' id='word_1_44' title='bbox 989 561 1206 620; x_wconf 80' lang='grc' dir='ltr'>ἀπαγγελῶ</span> <span class='ocrx_word' id='word_1_45' title='bbox 1235 567 1385 618; x_wconf 75' lang='grc' dir='ltr'>ταῦτα,</span> <span class='ocrx_word' id='word_1_46' title='bbox 1423 558 1453 606; x_wconf 74' lang='grc' dir='ltr'><em>ὦ</em></span> <span class='ocrx_word' id='word_1_47' title='bbox 1483 564 1674 621; x_wconf 79' lang='grc' dir='ltr'>Διόγενες.</span> <span class='ocrx_word' id='word_1_48' title='bbox 1719 563 1825 615; x_wconf 73' lang='grc' dir='ltr'>Γὅπως</span> <span class='ocrx_word' id='word_1_49' title='bbox 1855 563 1898 607; x_wconf 78' lang='grc' dir='ltr'>δὲ</span> <span class='ocrx_word' id='word_1_50' title='bbox 1928 564 2019 608; x_wconf 83' lang='grc' dir='ltr'>εἰδῶ</span> <span class='ocrx_word' id='word_1_51' title='bbox 2047 564 2243 621; x_wconf 82' lang='grc' dir='ltr'><strong>μάλιστα,</strong></span> 
     </span>
     <span class='ocr_line' id='line_1_6' title="bbox 104 641 1865 700; baseline -0.001 -13"><span class='ocrx_word' id='word_1_52' title='bbox 104 641 238 694; x_wconf 81' lang='grc' dir='ltr'>ὃποῖὸς</span> <span class='ocrx_word' id='word_1_53' title='bbox 265 642 327 694; x_wconf 86' lang='grc' dir='ltr'>τίς</span> <span class='ocrx_word' id='word_1_54' title='bbox 357 643 442 686; x_wconf 81' lang='grc' dir='ltr'>ἐστι</span> <span class='ocrx_word' id='word_1_55' title='bbox 470 642 543 700; x_wconf 82' lang='grc' dir='ltr'>τὴν</span> <span class='ocrx_word' id='word_1_56' title='bbox 562 641 654 699; x_wconf 69' lang='grc' dir='ltr'>ὄψιν</span> <span class='ocrx_word' id='word_1_57' title='bbox 684 644 800 685; x_wconf 82' lang='lat' dir='ltr'>Dial.</span> <span class='ocrx_word' id='word_1_58' title='bbox 833 645 962 686; x_wconf 88' lang='lat' dir='ltr'>Mort.</span> <span class='ocrx_word' id='word_1_59' title='bbox 994 647 1031 686; x_wconf 82' lang='lat'>2.</span> <span class='ocrx_word' id='word_1_60' title='bbox 1064 644 1098 685; x_wconf 85' lang='grc' dir='ltr'>Ι.</span> <span class='ocrx_word' id='word_1_61' title='bbox 1130 645 1337 686; x_wconf 74' lang='lat'>331--3‘2.</span> <span class='ocrx_word' id='word_1_62' title='bbox 1369 660 1495 700; x_wconf 88' lang='lat' dir='ltr'>„age‚</span> <span class='ocrx_word' id='word_1_63' title='bbox 1528 646 1661 686; x_wconf 88' lang='lat' dir='ltr'>sciam</span> <span class='ocrx_word' id='word_1_64' title='bbox 1693 646 1865 686; x_wconf 41' lang='lat' dir='ltr'>velim&amp;</span> 
     </span>
    </p>
   </div>
   <div class='ocr_carea' id='block_1_2' title="bbox 1039 815 1306 866">
    <p class='ocr_par' dir='ltr' id='par_1_2' title="bbox 1039 815 1306 866">
     <span class='ocr_line' id='line_1_7' title="bbox 1039 815 1306 866; baseline 0.004 -1"><span class='ocrx_word' id='word_1_65' title='bbox 1039 815 1104 865; x_wconf 80' lang='lat' dir='ltr'>De</span> <span class='ocrx_word' id='word_1_66' title='bbox 1137 816 1306 866; x_wconf 68' lang='lat' dir='ltr'>meilis-</span> 
     </span>
    </p>
   </div>
   <div class='ocr_carea' id='block_1_3' title="bbox 684 928 1663 988">
    <p class='ocr_par' dir='ltr' id='par_1_3' title="bbox 684 928 1663 988">
     <span class='ocr_line' id='line_1_8' title="bbox 684 928 1663 988; baseline 0 -14"><span class='ocrx_word' id='word_1_67' title='bbox 684 928 710 974; x_wconf 91' lang='lat'>1.</span> <span class='ocrx_word' id='word_1_68' title='bbox 757 928 813 975; x_wconf 82' lang='lat' dir='ltr'>De</span> <span class='ocrx_word' id='word_1_69' title='bbox 845 928 1083 975; x_wconf 81' lang='lat' dir='ltr'>confusione</span> <span class='ocrx_word' id='word_1_70' title='bbox 1116 928 1365 985; x_wconf 79' lang='lat' dir='ltr'>conjunctivi</span> <span class='ocrx_word' id='word_1_71' title='bbox 1397 930 1440 974; x_wconf 84' lang='lat' dir='ltr'>et</span> <span class='ocrx_word' id='word_1_72' title='bbox 1470 929 1663 988; x_wconf 80' lang='lat' dir='ltr'>optativi.</span> 
     </span>
    </p>
   </div>
   <div class='ocr_carea' id='block_1_4' title="bbox 588 1027 1759 1084">
    <p class='ocr_par' dir='ltr' id='par_1_4' title="bbox 588 1027 1759 1084">
     <span class='ocr_line' id='line_1_9' title="bbox 588 1027 1759 1084; baseline 0 -15"><span class='ocrx_word' id='word_1_73' title='bbox 588 1027 642 1069; x_wconf 87' lang='grc' dir='ltr'>Α.</span> <span class='ocrx_word' id='word_1_74' title='bbox 690 1030 738 1081; x_wconf 81' lang='lat' dir='ltr'>a)</span> <span class='ocrx_word' id='word_1_75' title='bbox 782 1028 1026 1082; x_wconf 69' lang='lat' dir='ltr'>Optatimcs</span> <span class='ocrx_word' id='word_1_76' title='bbox 1054 1042 1144 1083; x_wconf 79' lang='lat' dir='ltr'>pro</span> <span class='ocrx_word' id='word_1_77' title='bbox 1178 1028 1467 1083; x_wconf 68' lang='lat' dir='ltr'>conjunctivo</span> <span class='ocrx_word' id='word_1_78' title='bbox 1498 1035 1759 1084; x_wconf 73' lang='lat' dir='ltr'>usurpatus.</span> 
     </span>
    </p>
   </div>
   <div class='ocr_carea' id='block_1_5' title="bbox 102 1119 2264 3234">
    <p class='ocr_par' dir='ltr' id='par_1_5' title="bbox 102 1119 2263 3077">
     <span class='ocr_line' id='line_1_10' title="bbox 303 1119 2249 1177; baseline 0 -17"><span class='ocrx_word' id='word_1_79' title='bbox 303 1119 471 1173; x_wconf 83' lang='lat' dir='ltr'>Legem</span> <span class='ocrx_word' id='word_1_80' title='bbox 504 1134 598 1159; x_wconf 87' lang='lat' dir='ltr'>esse</span> <span class='ocrx_word' id='word_1_81' title='bbox 630 1119 684 1158; x_wconf 87' lang='lat' dir='ltr'>ad</span> <span class='ocrx_word' id='word_1_82' title='bbox 716 1119 904 1174; x_wconf 89' lang='lat' dir='ltr'>plurima</span> <span class='ocrx_word' id='word_1_83' title='bbox 934 1120 1258 1177; x_wconf 83' lang='lat' dir='ltr'>enunciatorum</span> <span class='ocrx_word' id='word_1_84' title='bbox 1290 1134 1452 1173; x_wconf 85' lang='lat' dir='ltr'>genera</span> <span class='ocrx_word' id='word_1_85' title='bbox 1481 1120 1708 1169; x_wconf 80' lang='lat' dir='ltr'>valentem,</span> <span class='ocrx_word' id='word_1_86' title='bbox 1751 1128 1795 1160; x_wconf 89' lang='lat' dir='ltr'>ut</span> <span class='ocrx_word' id='word_1_87' title='bbox 1827 1127 2020 1175; x_wconf 85' lang='lat' dir='ltr'>tempora</span> <span class='ocrx_word' id='word_1_88' title='bbox 2051 1120 2249 1161; x_wconf 86' lang='lat' dir='ltr'>absoluta</span> 
     </span>
     <span class='ocr_line' id='line_1_11' title="bbox 103 1198 2246 1256; baseline -0.001 -16"><span class='ocrx_word' id='word_1_89' title='bbox 103 1201 340 1256; x_wconf 87' lang='lat' dir='ltr'>(praesens,</span> <span class='ocrx_word' id='word_1_90' title='bbox 370 1199 574 1247; x_wconf 83' lang='lat' dir='ltr'>futurum,</span> <span class='ocrx_word' id='word_1_91' title='bbox 606 1198 865 1253; x_wconf 88' lang='lat' dir='ltr'>perfectum)</span> <span class='ocrx_word' id='word_1_92' title='bbox 898 1198 1185 1251; x_wconf 86' lang='lat' dir='ltr'>conjunctivo,</span> <span class='ocrx_word' id='word_1_93' title='bbox 1216 1206 1410 1253; x_wconf 86' lang='lat' dir='ltr'>tempora</span> <span class='ocrx_word' id='word_1_94' title='bbox 1431 1199 1612 1239; x_wconf 87' lang='lat' dir='ltr'>relativa</span> <span class='ocrx_word' id='word_1_95' title='bbox 1634 1200 1968 1254; x_wconf 63' lang='lat' dir='ltr'>(imperfectum,</span> <span class='ocrx_word' id='word_1_96' title='bbox 1993 1200 2246 1254; x_wconf 86' lang='lat' dir='ltr'>plusquam-</span> 
     </span>
     <span class='ocr_line' id='line_1_12' title="bbox 102 1277 2249 1334; baseline -0.001 -15"><span class='ocrx_word' id='word_1_97' title='bbox 102 1279 355 1334; x_wconf 84' lang='lat' dir='ltr'>perfectum,</span> <span class='ocrx_word' id='word_1_98' title='bbox 388 1278 590 1329; x_wconf 88' lang='lat' dir='ltr'>aoristus)</span> <span class='ocrx_word' id='word_1_99' title='bbox 623 1278 812 1332; x_wconf 83' lang='lat' dir='ltr'>optativo</span> <span class='ocrx_word' id='word_1_100' title='bbox 844 1278 1127 1332; x_wconf 80' lang='lat' dir='ltr'>excipiantur,</span> <span class='ocrx_word' id='word_1_101' title='bbox 1160 1292 1285 1317; x_wconf 89' lang='lat' dir='ltr'>nemo</span> <span class='ocrx_word' id='word_1_102' title='bbox 1307 1279 1456 1317; x_wconf 86' lang='lat' dir='ltr'>nescit.</span> <span class='ocrx_word' id='word_1_103' title='bbox 1509 1277 1798 1333; x_wconf 81' lang='lat' dir='ltr'>Exceptiones</span> <span class='ocrx_word' id='word_1_104' title='bbox 1822 1279 1983 1332; x_wconf 85' lang='lat' dir='ltr'>aliquot</span> <span class='ocrx_word' id='word_1_105' title='bbox 2006 1294 2084 1319; x_wconf 88' lang='lat' dir='ltr'>nee</span> <span class='ocrx_word' id='word_1_106' title='bbox 2107 1289 2249 1318; x_wconf 87' lang='lat' dir='ltr'>tamen</span> 
     </span>
     <span class='ocr_line' id='line_1_13' title="bbox 103 1356 2248 1412; baseline -0.001 -14"><span class='ocrx_word' id='word_1_107' title='bbox 103 1358 259 1398; x_wconf 81' lang='lat' dir='ltr'>multas</span> <span class='ocrx_word' id='word_1_108' title='bbox 290 1357 381 1410; x_wconf 87' lang='lat' dir='ltr'>jam</span> <span class='ocrx_word' id='word_1_109' title='bbox 419 1357 536 1411; x_wconf 88' lang='lat' dir='ltr'>apud</span> <span class='ocrx_word' id='word_1_110' title='bbox 575 1357 773 1410; x_wconf 85' lang='lat' dir='ltr'>antiquos</span> <span class='ocrx_word' id='word_1_111' title='bbox 814 1371 1042 1397; x_wconf 85' lang='lat' dir='ltr'>occurrere</span> <span class='ocrx_word' id='word_1_112' title='bbox 1088 1372 1140 1396; x_wconf 91' lang='lat' dir='ltr'>ne</span> <span class='ocrx_word' id='word_1_113' title='bbox 1173 1356 1253 1397; x_wconf 91' lang='lat' dir='ltr'>hoe</span> <span class='ocrx_word' id='word_1_114' title='bbox 1286 1357 1461 1410; x_wconf 90' lang='lat' dir='ltr'>quidem</span> <span class='ocrx_word' id='word_1_115' title='bbox 1495 1358 1745 1412; x_wconf 84' lang='lat' dir='ltr'>peritiorum</span> <span class='ocrx_word' id='word_1_116' title='bbox 1779 1372 2038 1411; x_wconf 85' lang='lat' dir='ltr'>quemquam</span> <span class='ocrx_word' id='word_1_117' title='bbox 2070 1357 2248 1411; x_wconf 82' lang='lat' dir='ltr'>fugerit.</span> 
     </span>
     <span class='ocr_line' id='line_1_14' title="bbox 104 1435 2250 1492; baseline 0 -16"><span class='ocrx_word' id='word_1_118' title='bbox 104 1436 249 1490; x_wconf 88' lang='lat' dir='ltr'>Atque</span> <span class='ocrx_word' id='word_1_119' title='bbox 281 1436 413 1476; x_wconf 90' lang='lat' dir='ltr'>multo</span> <span class='ocrx_word' id='word_1_120' title='bbox 446 1436 592 1490; x_wconf 87' lang='lat' dir='ltr'>plures</span> <span class='ocrx_word' id='word_1_121' title='bbox 624 1436 666 1475; x_wconf 86' lang='lat' dir='ltr'>in</span> <span class='ocrx_word' id='word_1_122' title='bbox 697 1451 788 1475; x_wconf 86' lang='lat' dir='ltr'>eam</span> <span class='ocrx_word' id='word_1_123' title='bbox 822 1443 987 1490; x_wconf 87' lang='lat' dir='ltr'>partem</span> <span class='ocrx_word' id='word_1_124' title='bbox 1019 1435 1235 1475; x_wconf 86' lang='lat' dir='ltr'>admissa-e</span> <span class='ocrx_word' id='word_1_125' title='bbox 1267 1443 1377 1485; x_wconf 88' lang='lat' dir='ltr'>sunt,</span> <span class='ocrx_word' id='word_1_126' title='bbox 1426 1443 1470 1476; x_wconf 89' lang='lat' dir='ltr'>ut</span> <span class='ocrx_word' id='word_1_127' title='bbox 1501 1438 1800 1490; x_wconf 80' lang='lat' dir='ltr'>conjunctivus</span> <span class='ocrx_word' id='word_1_128' title='bbox 1842 1452 1919 1492; x_wconf 90' lang='lat' dir='ltr'>pro</span> <span class='ocrx_word' id='word_1_129' title='bbox 1951 1438 2141 1492; x_wconf 90' lang='lat' dir='ltr'>optativo</span> <span class='ocrx_word' id='word_1_130' title='bbox 2188 1436 2250 1487; x_wconf 68' lang='lat' dir='ltr'>(in</span> 
     </span>
     <span class='ocr_line' id='line_1_15' title="bbox 104 1515 2248 1571; baseline 0 -16"><span class='ocrx_word' id='word_1_131' title='bbox 104 1516 307 1555; x_wconf 78' lang='lat' dir='ltr'>finalibus</span> <span class='ocrx_word' id='word_1_132' title='bbox 350 1515 524 1568; x_wconf 90' lang='lat' dir='ltr'>quidem</span> <span class='ocrx_word' id='word_1_133' title='bbox 572 1515 810 1565; x_wconf 85' lang='lat' dir='ltr'>sententiis)</span> <span class='ocrx_word' id='word_1_134' title='bbox 857 1529 985 1568; x_wconf 88' lang='lat' dir='ltr'>quam</span> <span class='ocrx_word' id='word_1_135' title='bbox 1032 1522 1077 1554; x_wconf 91' lang='lat' dir='ltr'>ut</span> <span class='ocrx_word' id='word_1_136' title='bbox 1123 1515 1340 1569; x_wconf 81' lang='lat' dir='ltr'>optativus</span> <span class='ocrx_word' id='word_1_137' title='bbox 1390 1530 1466 1570; x_wconf 89' lang='lat' dir='ltr'>pro</span> <span class='ocrx_word' id='word_1_138' title='bbox 1505 1517 1778 1569; x_wconf 82' lang='lat' dir='ltr'>conjunctivo</span> <span class='ocrx_word' id='word_1_139' title='bbox 1818 1524 2114 1571; x_wconf 83' lang='lat' dir='ltr'>usurparetur.</span> <span class='ocrx_word' id='word_1_140' title='bbox 2177 1515 2248 1555; x_wconf 86' lang='lat' dir='ltr'>Ab</span> 
     </span>
     <span class='ocr_line' id='line_1_16' title="bbox 106 1593 2252 1649; baseline -0 -14"><span class='ocrx_word' id='word_1_141' title='bbox 106 1593 343 1635; x_wconf 81' lang='lat' dir='ltr'>Alexandri</span> <span class='ocrx_word' id='word_1_142' title='bbox 391 1602 532 1633; x_wconf 85' lang='lat' dir='ltr'>autem</span> <span class='ocrx_word' id='word_1_143' title='bbox 578 1593 843 1648; x_wconf 84' lang='lat' dir='ltr'>temporibus</span> <span class='ocrx_word' id='word_1_144' title='bbox 890 1594 1029 1647; x_wconf 89' lang='lat' dir='ltr'>magis</span> <span class='ocrx_word' id='word_1_145' title='bbox 1070 1595 1296 1648; x_wconf 83' lang='lat' dir='ltr'>magisque</span> <span class='ocrx_word' id='word_1_146' title='bbox 1329 1595 1545 1649; x_wconf 80' lang='lat' dir='ltr'>optativus</span> <span class='ocrx_word' id='word_1_147' title='bbox 1578 1595 1792 1636; x_wconf 87' lang='lat' dir='ltr'>increbuit</span> <span class='ocrx_word' id='word_1_148' title='bbox 1825 1604 1953 1649; x_wconf 88' lang='lat' dir='ltr'>atque</span> <span class='ocrx_word' id='word_1_149' title='bbox 1992 1595 2252 1636; x_wconf 89' lang='lat' dir='ltr'>eontrarium</span> 
     </span>
     <span class='ocr_line' id='line_1_17' title="bbox 106 1673 2250 1729; baseline -0 -15"><span class='ocrx_word' id='word_1_150' title='bbox 106 1674 198 1714; x_wconf 90' lang='lat' dir='ltr'>fieri</span> <span class='ocrx_word' id='word_1_151' title='bbox 230 1683 428 1727; x_wconf 87' lang='lat' dir='ltr'>coeptum</span> <span class='ocrx_word' id='word_1_152' title='bbox 462 1680 538 1722; x_wconf 91' lang='lat' dir='ltr'>est,</span> <span class='ocrx_word' id='word_1_153' title='bbox 569 1681 615 1712; x_wconf 91' lang='lat' dir='ltr'>ut</span> <span class='ocrx_word' id='word_1_154' title='bbox 647 1674 863 1727; x_wconf 78' lang='lat' dir='ltr'>optativus</span> <span class='ocrx_word' id='word_1_155' title='bbox 896 1674 1214 1726; x_wconf 89' lang='lat' dir='ltr'>conjunctivum</span> <span class='ocrx_word' id='word_1_156' title='bbox 1248 1675 1336 1713; x_wconf 91' lang='lat' dir='ltr'>suis</span> <span class='ocrx_word' id='word_1_157' title='bbox 1369 1674 1475 1715; x_wconf 87' lang='lat' dir='ltr'>loeis</span> <span class='ocrx_word' id='word_1_158' title='bbox 1508 1689 1637 1729; x_wconf 90' lang='lat' dir='ltr'>saepe</span> <span class='ocrx_word' id='word_1_159' title='bbox 1669 1675 1919 1729; x_wconf 86' lang='lat' dir='ltr'>expelleret,</span> <span class='ocrx_word' id='word_1_160' title='bbox 1952 1675 2046 1729; x_wconf 89' lang='lat' dir='ltr'>ipse</span> <span class='ocrx_word' id='word_1_161' title='bbox 2077 1689 2160 1715; x_wconf 91' lang='lat' dir='ltr'>non</span> <span class='ocrx_word' id='word_1_162' title='bbox 2183 1673 2250 1714; x_wconf 82' lang='lat' dir='ltr'>fa—</span> 
     </span>
     <span class='ocr_line' id='line_1_18' title="bbox 107 1751 2253 1808; baseline 0 -15"><span class='ocrx_word' id='word_1_163' title='bbox 107 1753 189 1794; x_wconf 89' lang='lat' dir='ltr'>cile</span> <span class='ocrx_word' id='word_1_164' title='bbox 219 1753 313 1793; x_wconf 91' lang='lat' dir='ltr'>loeo</span> <span class='ocrx_word' id='word_1_165' title='bbox 345 1751 529 1793; x_wconf 86' lang='lat' dir='ltr'>eederet.</span> <span class='ocrx_word' id='word_1_166' title='bbox 589 1751 734 1806; x_wconf 87' lang='lat' dir='ltr'>Atque</span> <span class='ocrx_word' id='word_1_167' title='bbox 765 1751 952 1792; x_wconf 87' lang='lat' dir='ltr'>Luciani</span> <span class='ocrx_word' id='word_1_168' title='bbox 984 1752 1156 1805; x_wconf 87' lang='lat' dir='ltr'>quidem</span> <span class='ocrx_word' id='word_1_169' title='bbox 1190 1761 1380 1808; x_wconf 88' lang='lat' dir='ltr'>tempore</span> <span class='ocrx_word' id='word_1_170' title='bbox 1414 1754 1587 1794; x_wconf 85' lang='lat' dir='ltr'>minime</span> <span class='ocrx_word' id='word_1_171' title='bbox 1611 1755 1700 1807; x_wconf 82' lang='lat' dir='ltr'>jam</span> <span class='ocrx_word' id='word_1_172' title='bbox 1733 1754 1926 1803; x_wconf 85' lang='lat' dir='ltr'>dubium,</span> <span class='ocrx_word' id='word_1_173' title='bbox 1959 1755 2064 1807; x_wconf 90' lang='lat' dir='ltr'>quin</span> <span class='ocrx_word' id='word_1_174' title='bbox 2094 1753 2253 1808; x_wconf 86' lang='lat' dir='ltr'>optati-</span> 
     </span>
     <span class='ocr_line' id='line_1_19' title="bbox 107 1831 2256 1887; baseline 0.001 -17"><span class='ocrx_word' id='word_1_175' title='bbox 107 1846 186 1872; x_wconf 82' lang='lat' dir='ltr'>vus</span> <span class='ocrx_word' id='word_1_176' title='bbox 219 1831 350 1871; x_wconf 89' lang='lat' dir='ltr'>multo</span> <span class='ocrx_word' id='word_1_177' title='bbox 383 1831 738 1885; x_wconf 86' lang='lat' dir='ltr'>praeponderarit</span> <span class='ocrx_word' id='word_1_178' title='bbox 770 1831 989 1884; x_wconf 87' lang='lat' dir='ltr'>locosque,</span> <span class='ocrx_word' id='word_1_179' title='bbox 1022 1846 1129 1885; x_wconf 91' lang='lat' dir='ltr'>quos</span> <span class='ocrx_word' id='word_1_180' title='bbox 1161 1834 1351 1886; x_wconf 84' lang='lat' dir='ltr'>genuina</span> <span class='ocrx_word' id='word_1_181' title='bbox 1373 1833 1582 1873; x_wconf 89' lang='lat' dir='ltr'>sermonis</span> <span class='ocrx_word' id='word_1_182' title='bbox 1604 1840 1757 1873; x_wconf 86' lang='lat' dir='ltr'>natura</span> <span class='ocrx_word' id='word_1_183' title='bbox 1779 1833 2052 1887; x_wconf 88' lang='lat' dir='ltr'>conjunctivo</span> <span class='ocrx_word' id='word_1_184' title='bbox 2075 1832 2256 1873; x_wconf 86' lang='lat' dir='ltr'>tribuis-</span> 
     </span>
     <span class='ocr_line' id='line_1_20' title="bbox 109 1908 2255 1965; baseline 0 -14"><span class='ocrx_word' id='word_1_185' title='bbox 109 1919 184 1959; x_wconf 85' lang='lat' dir='ltr'>set,</span> <span class='ocrx_word' id='word_1_186' title='bbox 216 1911 474 1965; x_wconf 81' lang='lat' dir='ltr'>saepissime</span> <span class='ocrx_word' id='word_1_187' title='bbox 506 1911 722 1950; x_wconf 86' lang='lat' dir='ltr'>invaserit.</span> <span class='ocrx_word' id='word_1_188' title='bbox 782 1908 873 1951; x_wconf 76' lang='lat' dir='ltr'>Nec</span> <span class='ocrx_word' id='word_1_189' title='bbox 905 1911 1000 1965; x_wconf 83' lang='lat' dir='ltr'>ipse</span> <span class='ocrx_word' id='word_1_190' title='bbox 1031 1910 1254 1951; x_wconf 81' lang='lat' dir='ltr'>Lucianus</span> <span class='ocrx_word' id='word_1_191' title='bbox 1286 1912 1402 1951; x_wconf 90' lang='lat' dir='ltr'>illius</span> <span class='ocrx_word' id='word_1_192' title='bbox 1437 1913 1587 1952; x_wconf 87' lang='lat' dir='ltr'>aetatis</span> <span class='ocrx_word' id='word_1_193' title='bbox 1620 1927 1723 1952; x_wconf 85' lang='lat' dir='ltr'>suae</span> <span class='ocrx_word' id='word_1_194' title='bbox 1755 1913 1849 1952; x_wconf 86' lang='lat' dir='ltr'>vitii</span> <span class='ocrx_word' id='word_1_195' title='bbox 1874 1913 2121 1965; x_wconf 82' lang='lat' dir='ltr'>contagium</span> <span class='ocrx_word' id='word_1_196' title='bbox 2144 1911 2255 1952; x_wconf 83' lang='lat' dir='ltr'>effu-</span> 
     </span>
     <span class='ocr_line' id='line_1_21' title="bbox 109 1989 2255 2045; baseline 0 -15"><span class='ocrx_word' id='word_1_197' title='bbox 109 1992 187 2044; x_wconf 85' lang='lat' dir='ltr'>git,</span> <span class='ocrx_word' id='word_1_198' title='bbox 231 2005 310 2030; x_wconf 90' lang='lat' dir='ltr'>nee</span> <span class='ocrx_word' id='word_1_199' title='bbox 359 1989 609 2029; x_wconf 85' lang='lat' dir='ltr'>doctissima</span> <span class='ocrx_word' id='word_1_200' title='bbox 653 1990 927 2043; x_wconf 86' lang='lat' dir='ltr'>antiquorum</span> <span class='ocrx_word' id='word_1_201' title='bbox 967 1989 1151 2032; x_wconf 87' lang='lat' dir='ltr'>lectione</span> <span class='ocrx_word' id='word_1_202' title='bbox 1190 2005 1369 2045; x_wconf 87' lang='lat' dir='ltr'>pravam</span> <span class='ocrx_word' id='word_1_203' title='bbox 1402 1991 1723 2031; x_wconf 81' lang='lat' dir='ltr'>assuetudinem</span> <span class='ocrx_word' id='word_1_204' title='bbox 1750 1992 1839 2044; x_wconf 83' lang='lat' dir='ltr'>jam</span> <span class='ocrx_word' id='word_1_205' title='bbox 1872 1992 2149 2044; x_wconf 83' lang='lat' dir='ltr'>exstinguere</span> <span class='ocrx_word' id='word_1_206' title='bbox 2181 1999 2255 2031; x_wconf 89' lang='lat' dir='ltr'>aut</span> 
     </span>
     <span class='ocr_line' id='line_1_22' title="bbox 113 2066 2254 2125; baseline 0 -15"><span class='ocrx_word' id='word_1_207' title='bbox 113 2070 248 2124; x_wconf 83' lang='lat' dir='ltr'>potuit</span> <span class='ocrx_word' id='word_1_208' title='bbox 286 2077 358 2108; x_wconf 85' lang='lat' dir='ltr'>aut</span> <span class='ocrx_word' id='word_1_209' title='bbox 395 2068 544 2108; x_wconf 84' lang='lat' dir='ltr'>voluit.</span> <span class='ocrx_word' id='word_1_210' title='bbox 605 2066 808 2108; x_wconf 88' lang='lat' dir='ltr'>Ceterum</span> <span class='ocrx_word' id='word_1_211' title='bbox 839 2083 1014 2109; x_wconf 86' lang='lat' dir='ltr'>eausam</span> <span class='ocrx_word' id='word_1_212' title='bbox 1045 2069 1172 2109; x_wconf 83' lang='lat' dir='ltr'>etiam</span> <span class='ocrx_word' id='word_1_213' title='bbox 1205 2070 1308 2110; x_wconf 89' lang='lat' dir='ltr'>vitio</span> <span class='ocrx_word' id='word_1_214' title='bbox 1343 2070 1521 2110; x_wconf 86' lang='lat' dir='ltr'>subesse</span> <span class='ocrx_word' id='word_1_215' title='bbox 1555 2086 1732 2110; x_wconf 88' lang='lat' dir='ltr'>necesse</span> <span class='ocrx_word' id='word_1_216' title='bbox 1765 2078 1842 2120; x_wconf 85' lang='lat' dir='ltr'>est,</span> <span class='ocrx_word' id='word_1_217' title='bbox 1888 2085 2028 2124; x_wconf 89' lang='lat' dir='ltr'>neque</span> <span class='ocrx_word' id='word_1_218' title='bbox 2060 2071 2254 2125; x_wconf 90' lang='lat' dir='ltr'>poenite-</span> 
     </span>
     <span class='ocr_line' id='line_1_23' title="bbox 112 2146 2255 2204; baseline 0 -15"><span class='ocrx_word' id='word_1_219' title='bbox 112 2149 173 2189; x_wconf 86' lang='lat' dir='ltr'>bit</span> <span class='ocrx_word' id='word_1_220' title='bbox 202 2149 337 2202; x_wconf 88' lang='lat' dir='ltr'>igitur</span> <span class='ocrx_word' id='word_1_221' title='bbox 367 2163 460 2187; x_wconf 87' lang='lat' dir='ltr'>eam</span> <span class='ocrx_word' id='word_1_222' title='bbox 493 2148 670 2187; x_wconf 87' lang='lat' dir='ltr'>eruisse.</span> <span class='ocrx_word' id='word_1_223' title='bbox 728 2146 827 2187; x_wconf 81' lang='lat' dir='ltr'>Jam</span> <span class='ocrx_word' id='word_1_224' title='bbox 861 2149 896 2187; x_wconf 90' lang='lat' dir='ltr'>si</span> <span class='ocrx_word' id='word_1_225' title='bbox 929 2149 1246 2201; x_wconf 83' lang='lat' dir='ltr'>conjunctivum</span> <span class='ocrx_word' id='word_1_226' title='bbox 1280 2164 1375 2189; x_wconf 89' lang='lat' dir='ltr'>eum</span> <span class='ocrx_word' id='word_1_227' title='bbox 1408 2149 1598 2204; x_wconf 86' lang='lat' dir='ltr'>optativo</span> <span class='ocrx_word' id='word_1_228' title='bbox 1631 2164 1846 2204; x_wconf 85' lang='lat' dir='ltr'>comparo,</span> <span class='ocrx_word' id='word_1_229' title='bbox 1893 2150 2071 2189; x_wconf 90' lang='lat' dir='ltr'>alterum</span> <span class='ocrx_word' id='word_1_230' title='bbox 2105 2150 2158 2189; x_wconf 85' lang='lat' dir='ltr'>ab</span> <span class='ocrx_word' id='word_1_231' title='bbox 2192 2150 2255 2190; x_wconf 89' lang='lat' dir='ltr'>al-</span> 
     </span>
     <span class='ocr_line' id='line_1_24' title="bbox 111 2226 2258 2283; baseline 0 -15"><span class='ocrx_word' id='word_1_232' title='bbox 111 2237 201 2268; x_wconf 86' lang='lat' dir='ltr'>tero</span> <span class='ocrx_word' id='word_1_233' title='bbox 232 2241 369 2280; x_wconf 88' lang='lat' dir='ltr'>aeque</span> <span class='ocrx_word' id='word_1_234' title='bbox 400 2226 560 2267; x_wconf 80' lang='lat' dir='ltr'>distare</span> <span class='ocrx_word' id='word_1_235' title='bbox 591 2227 788 2266; x_wconf 88' lang='lat' dir='ltr'>existimo</span> <span class='ocrx_word' id='word_1_236' title='bbox 820 2234 948 2280; x_wconf 85' lang='lat' dir='ltr'>atque</span> <span class='ocrx_word' id='word_1_237' title='bbox 977 2227 1031 2267; x_wconf 87' lang='lat' dir='ltr'>ab</span> <span class='ocrx_word' id='word_1_238' title='bbox 1055 2229 1272 2282; x_wconf 87' lang='lat' dir='ltr'>optatione</span> <span class='ocrx_word' id='word_1_239' title='bbox 1294 2229 1569 2269; x_wconf 82' lang='lat' dir='ltr'>voluntatem.</span> <span class='ocrx_word' id='word_1_240' title='bbox 1620 2228 1720 2279; x_wconf 75' lang='lat' dir='ltr'>Quo</span> <span class='ocrx_word' id='word_1_241' title='bbox 1743 2230 1801 2278; x_wconf 84' lang='lat' dir='ltr'>fit,</span> <span class='ocrx_word' id='word_1_242' title='bbox 1826 2236 1868 2268; x_wconf 91' lang='lat' dir='ltr'>ut</span> <span class='ocrx_word' id='word_1_243' title='bbox 1891 2230 2080 2283; x_wconf 89' lang='lat' dir='ltr'>optativo</span> <span class='ocrx_word' id='word_1_244' title='bbox 2103 2229 2258 2269; x_wconf 85' lang='lat' dir='ltr'>incerti</span> 
     </span>
     <span class='ocr_line' id='line_1_25' title="bbox 114 2306 2257 2362; baseline 0.001 -17"><span class='ocrx_word' id='word_1_245' title='bbox 114 2306 182 2346; x_wconf 85' lang='lat' dir='ltr'>vel</span> <span class='ocrx_word' id='word_1_246' title='bbox 215 2307 418 2346; x_wconf 85' lang='lat' dir='ltr'>incertius</span> <span class='ocrx_word' id='word_1_247' title='bbox 452 2306 615 2359; x_wconf 84' lang='lat' dir='ltr'>aliquid</span> <span class='ocrx_word' id='word_1_248' title='bbox 647 2306 788 2346; x_wconf 88' lang='lat' dir='ltr'>inesse</span> <span class='ocrx_word' id='word_1_249' title='bbox 819 2307 1031 2356; x_wconf 88' lang='lat' dir='ltr'>videatur,</span> <span class='ocrx_word' id='word_1_250' title='bbox 1076 2307 1112 2347; x_wconf 90' lang='lat' dir='ltr'>si</span> <span class='ocrx_word' id='word_1_251' title='bbox 1158 2307 1331 2360; x_wconf 90' lang='lat' dir='ltr'>quidem</span> <span class='ocrx_word' id='word_1_252' title='bbox 1365 2307 1480 2361; x_wconf 87' lang='lat' dir='ltr'>quod</span> <span class='ocrx_word' id='word_1_253' title='bbox 1513 2315 1710 2362; x_wconf 87' lang='lat' dir='ltr'>optamus</span> <span class='ocrx_word' id='word_1_254' title='bbox 1742 2323 1818 2348; x_wconf 89' lang='lat' dir='ltr'>nos</span> <span class='ocrx_word' id='word_1_255' title='bbox 1850 2308 2021 2360; x_wconf 87' lang='lat' dir='ltr'>assequi</span> <span class='ocrx_word' id='word_1_256' title='bbox 2051 2308 2257 2348; x_wconf 84' lang='lat' dir='ltr'>incertius</span> 
     </span>
     <span class='ocr_line' id='line_1_26' title="bbox 114 2384 2259 2442; baseline 0 -16"><span class='ocrx_word' id='word_1_257' title='bbox 114 2393 192 2434; x_wconf 89' lang='lat' dir='ltr'>est,</span> <span class='ocrx_word' id='word_1_258' title='bbox 224 2399 351 2439; x_wconf 85' lang='lat' dir='ltr'>quam</span> <span class='ocrx_word' id='word_1_259' title='bbox 383 2385 498 2438; x_wconf 88' lang='lat' dir='ltr'>quod</span> <span class='ocrx_word' id='word_1_260' title='bbox 530 2385 743 2425; x_wconf 86' lang='lat' dir='ltr'>volumus.</span> <span class='ocrx_word' id='word_1_261' title='bbox 804 2384 1127 2435; x_wconf 82' lang='lat' dir='ltr'>Quaerentibus</span> <span class='ocrx_word' id='word_1_262' title='bbox 1152 2387 1241 2440; x_wconf 86' lang='lat' dir='ltr'>jam</span> <span class='ocrx_word' id='word_1_263' title='bbox 1275 2388 1372 2441; x_wconf 87' lang='lat' dir='ltr'>quis</span> <span class='ocrx_word' id='word_1_264' title='bbox 1404 2388 1522 2427; x_wconf 88' lang='lat' dir='ltr'>color</span> <span class='ocrx_word' id='word_1_265' title='bbox 1554 2388 1735 2428; x_wconf 86' lang='lat' dir='ltr'>orationi</span> <span class='ocrx_word' id='word_1_266' title='bbox 1769 2387 1947 2442; x_wconf 83' lang='lat' dir='ltr'>optativi</span> <span class='ocrx_word' id='word_1_267' title='bbox 1979 2402 2060 2426; x_wconf 91' lang='lat' dir='ltr'>usu</span> <span class='ocrx_word' id='word_1_268' title='bbox 2092 2387 2259 2427; x_wconf 87' lang='lat' dir='ltr'>tribua-</span> 
     </span>
     <span class='ocr_line' id='line_1_27' title="bbox 114 2464 2258 2521; baseline 0.001 -17"><span class='ocrx_word' id='word_1_269' title='bbox 114 2474 196 2513; x_wconf 87' lang='lat' dir='ltr'>tur,</span> <span class='ocrx_word' id='word_1_270' title='bbox 228 2464 408 2504; x_wconf 84' lang='lat' dir='ltr'>modesti</span> <span class='ocrx_word' id='word_1_271' title='bbox 441 2464 605 2517; x_wconf 86' lang='lat' dir='ltr'>aliquid</span> <span class='ocrx_word' id='word_1_272' title='bbox 637 2465 674 2503; x_wconf 90' lang='lat' dir='ltr'>ei</span> <span class='ocrx_word' id='word_1_273' title='bbox 707 2464 800 2504; x_wconf 84' lang='lat' dir='ltr'>dari</span> <span class='ocrx_word' id='word_1_274' title='bbox 833 2464 1062 2505; x_wconf 87' lang='lat' dir='ltr'>videbitur.</span> <span class='ocrx_word' id='word_1_275' title='bbox 1123 2465 1276 2519; x_wconf 87' lang='lat' dir='ltr'>Itaque</span> <span class='ocrx_word' id='word_1_276' title='bbox 1307 2482 1439 2507; x_wconf 87' lang='lat' dir='ltr'>eausa</span> <span class='ocrx_word' id='word_1_277' title='bbox 1471 2467 1631 2506; x_wconf 85' lang='lat' dir='ltr'>abusus</span> <span class='ocrx_word' id='word_1_278' title='bbox 1665 2467 1781 2506; x_wconf 89' lang='lat' dir='ltr'>illius</span> <span class='ocrx_word' id='word_1_279' title='bbox 1815 2467 1919 2506; x_wconf 84' lang='lat' dir='ltr'>haec</span> <span class='ocrx_word' id='word_1_280' title='bbox 1947 2467 2079 2506; x_wconf 78' lang='lat' dir='ltr'>fuisse</span> <span class='ocrx_word' id='word_1_281' title='bbox 2102 2473 2258 2521; x_wconf 88' lang='lat' dir='ltr'>potest,</span> 
     </span>
     <span class='ocr_line' id='line_1_28' title="bbox 116 2542 2259 2599; baseline 0.003 -17"><span class='ocrx_word' id='word_1_282' title='bbox 116 2552 161 2583; x_wconf 88' lang='lat' dir='ltr'>ut</span> <span class='ocrx_word' id='word_1_283' title='bbox 208 2542 461 2583; x_wconf 76' lang='lat' dir='ltr'>modestiam</span> <span class='ocrx_word' id='word_1_284' title='bbox 507 2544 740 2598; x_wconf 85' lang='lat' dir='ltr'>scriptores</span> <span class='ocrx_word' id='word_1_285' title='bbox 788 2559 891 2598; x_wconf 87' lang='lat' dir='ltr'>prae</span> <span class='ocrx_word' id='word_1_286' title='bbox 936 2559 981 2585; x_wconf 89' lang='lat' dir='ltr'>se</span> <span class='ocrx_word' id='word_1_287' title='bbox 1019 2546 1204 2585; x_wconf 84' lang='lat' dir='ltr'>ferentes</span> <span class='ocrx_word' id='word_1_288' title='bbox 1235 2546 1419 2599; x_wconf 88' lang='lat' dir='ltr'>gratiam</span> <span class='ocrx_word' id='word_1_289' title='bbox 1452 2546 1659 2586; x_wconf 83' lang='lat' dir='ltr'>lectorum</span> <span class='ocrx_word' id='word_1_290' title='bbox 1692 2547 1773 2586; x_wconf 87' lang='lat' dir='ltr'>sibi</span> <span class='ocrx_word' id='word_1_291' title='bbox 1806 2546 2097 2586; x_wconf 86' lang='lat' dir='ltr'>conciliarent.</span> <span class='ocrx_word' id='word_1_292' title='bbox 2158 2546 2259 2588; x_wconf 78' lang='lat' dir='ltr'>Jam</span> 
     </span>
     <span class='ocr_line' id='line_1_29' title="bbox 117 2623 2258 2679; baseline 0.002 -18"><span class='ocrx_word' id='word_1_293' title='bbox 117 2636 219 2663; x_wconf 89' lang='lat' dir='ltr'>vero</span> <span class='ocrx_word' id='word_1_294' title='bbox 250 2623 487 2677; x_wconf 87' lang='lat' dir='ltr'>optativum</span> <span class='ocrx_word' id='word_1_295' title='bbox 520 2623 722 2676; x_wconf 85' lang='lat' dir='ltr'>obliquae</span> <span class='ocrx_word' id='word_1_296' title='bbox 754 2624 959 2664; x_wconf 88' lang='lat' dir='ltr'>orationis</span> <span class='ocrx_word' id='word_1_297' title='bbox 991 2625 1213 2679; x_wconf 88' lang='lat' dir='ltr'>proprium</span> <span class='ocrx_word' id='word_1_298' title='bbox 1245 2640 1341 2665; x_wconf 88' lang='lat' dir='ltr'>esse</span> <span class='ocrx_word' id='word_1_299' title='bbox 1372 2625 1744 2666; x_wconf 83' lang='lat' dir='ltr'>considerantibus</span> <span class='ocrx_word' id='word_1_300' title='bbox 1786 2626 1902 2665; x_wconf 90' lang='lat' dir='ltr'>illius</span> <span class='ocrx_word' id='word_1_301' title='bbox 1941 2641 2022 2665; x_wconf 87' lang='lat' dir='ltr'>usu</span> <span class='ocrx_word' id='word_1_302' title='bbox 2054 2626 2107 2666; x_wconf 87' lang='lat' dir='ltr'>ad</span> <span class='ocrx_word' id='word_1_303' title='bbox 2140 2642 2258 2666; x_wconf 86' lang='lat' dir='ltr'>men-</span> 
     </span>
     <span class='ocr_line' id='line_1_30' title="bbox 118 2701 2259 2759; baseline 0.002 -18"><span class='ocrx_word' id='word_1_304' title='bbox 118 2715 202 2741; x_wconf 77' lang='lat' dir='ltr'>tem</span> <span class='ocrx_word' id='word_1_305' title='bbox 234 2701 373 2754; x_wconf 86' lang='lat' dir='ltr'>magis</span> <span class='ocrx_word' id='word_1_306' title='bbox 404 2702 509 2754; x_wconf 87' lang='lat' dir='ltr'>ejus,</span> <span class='ocrx_word' id='word_1_307' title='bbox 541 2702 594 2741; x_wconf 87' lang='lat' dir='ltr'>de</span> <span class='ocrx_word' id='word_1_308' title='bbox 626 2716 710 2755; x_wconf 91' lang='lat' dir='ltr'>quo</span> <span class='ocrx_word' id='word_1_309' title='bbox 743 2702 901 2742; x_wconf 87' lang='lat' dir='ltr'>dicitur</span> <span class='ocrx_word' id='word_1_310' title='bbox 932 2705 1043 2751; x_wconf 82' lang='lat' dir='ltr'>(sive</span> <span class='ocrx_word' id='word_1_311' title='bbox 1075 2704 1256 2757; x_wconf 89' lang='lat' dir='ltr'>subjecti</span> <span class='ocrx_word' id='word_1_312' title='bbox 1281 2705 1619 2759; x_wconf 79' lang='lat' dir='ltr'>propositionis),</span> <span class='ocrx_word' id='word_1_313' title='bbox 1652 2719 1778 2758; x_wconf 89' lang='lat' dir='ltr'>quam</span> <span class='ocrx_word' id='word_1_314' title='bbox 1812 2705 1864 2744; x_wconf 82' lang='lat' dir='ltr'>ad</span> <span class='ocrx_word' id='word_1_315' title='bbox 1897 2713 2079 2745; x_wconf 89' lang='lat' dir='ltr'>mentem</span> <span class='ocrx_word' id='word_1_316' title='bbox 2112 2713 2259 2746; x_wconf 89' lang='lat' dir='ltr'>aucto-</span> 
     </span>
     <span class='ocr_line' id='line_1_31' title="bbox 118 2779 2262 2838; baseline 0.001 -17"><span class='ocrx_word' id='word_1_317' title='bbox 118 2781 178 2821; x_wconf 89' lang='lat' dir='ltr'>ris</span> <span class='ocrx_word' id='word_1_318' title='bbox 209 2779 387 2820; x_wconf 88' lang='lat' dir='ltr'>verbum</span> <span class='ocrx_word' id='word_1_319' title='bbox 419 2781 568 2820; x_wconf 84' lang='lat' dir='ltr'>referri</span> <span class='ocrx_word' id='word_1_320' title='bbox 600 2781 783 2821; x_wconf 87' lang='lat' dir='ltr'>videtur.</span> <span class='ocrx_word' id='word_1_321' title='bbox 836 2780 1086 2823; x_wconf 88' lang='lat' dir='ltr'>Producens</span> <span class='ocrx_word' id='word_1_322' title='bbox 1118 2793 1259 2823; x_wconf 89' lang='lat' dir='ltr'>autem</span> <span class='ocrx_word' id='word_1_323' title='bbox 1293 2784 1432 2837; x_wconf 81' lang='lat' dir='ltr'>magis</span> <span class='ocrx_word' id='word_1_324' title='bbox 1465 2798 1706 2838; x_wconf 89' lang='lat' dir='ltr'>personam,</span> <span class='ocrx_word' id='word_1_325' title='bbox 1738 2784 1790 2823; x_wconf 86' lang='lat' dir='ltr'>de</span> <span class='ocrx_word' id='word_1_326' title='bbox 1822 2799 1909 2837; x_wconf 88' lang='lat' dir='ltr'>qua</span> <span class='ocrx_word' id='word_1_327' title='bbox 1939 2798 2079 2825; x_wconf 87' lang='lat' dir='ltr'>sermo</span> <span class='ocrx_word' id='word_1_328' title='bbox 2110 2786 2169 2833; x_wconf 87' lang='lat' dir='ltr'>fit,</span> <span class='ocrx_word' id='word_1_329' title='bbox 2202 2785 2262 2824; x_wconf 87' lang='lat' dir='ltr'>ita</span> 
     </span>
     <span class='ocr_line' id='line_1_32' title="bbox 118 2859 2260 2916; baseline 0.002 -17"><span class='ocrx_word' id='word_1_330' title='bbox 118 2867 165 2899; x_wconf 87' lang='lat' dir='ltr'>ut</span> <span class='ocrx_word' id='word_1_331' title='bbox 195 2859 388 2912; x_wconf 85' lang='lat' dir='ltr'>cogitare</span> <span class='ocrx_word' id='word_1_332' title='bbox 419 2866 459 2898; x_wconf 85' lang='lat' dir='ltr'>et</span> <span class='ocrx_word' id='word_1_333' title='bbox 491 2874 621 2913; x_wconf 86' lang='lat' dir='ltr'>agere</span> <span class='ocrx_word' id='word_1_334' title='bbox 653 2861 864 2908; x_wconf 85' lang='lat' dir='ltr'>videatur,</span> <span class='ocrx_word' id='word_1_335' title='bbox 907 2862 1052 2902; x_wconf 87' lang='lat' dir='ltr'>nescio</span> <span class='ocrx_word' id='word_1_336' title='bbox 1098 2877 1153 2902; x_wconf 88' lang='lat' dir='ltr'>an</span> <span class='ocrx_word' id='word_1_337' title='bbox 1199 2862 1423 2903; x_wconf 86' lang='lat' dir='ltr'>dramatici</span> <span class='ocrx_word' id='word_1_338' title='bbox 1471 2863 1636 2916; x_wconf 86' lang='lat' dir='ltr'>aliquid</span> <span class='ocrx_word' id='word_1_339' title='bbox 1669 2872 1739 2903; x_wconf 84' lang='lat' dir='ltr'>aut</span> <span class='ocrx_word' id='word_1_340' title='bbox 1773 2863 1929 2903; x_wconf 84' lang='lat' dir='ltr'>alacris</span> <span class='ocrx_word' id='word_1_341' title='bbox 1961 2870 2090 2916; x_wconf 88' lang='lat' dir='ltr'>atque</span> <span class='ocrx_word' id='word_1_342' title='bbox 2122 2864 2260 2904; x_wconf 83' lang='lat' dir='ltr'>vividi</span> 
     </span>
     <span class='ocr_line' id='line_1_33' title="bbox 121 2938 2263 2996; baseline 0.002 -18"><span class='ocrx_word' id='word_1_343' title='bbox 121 2946 270 2979; x_wconf 89' lang='lat' dir='ltr'>auctor</span> <span class='ocrx_word' id='word_1_344' title='bbox 299 2938 480 2978; x_wconf 85' lang='lat' dir='ltr'>orationi</span> <span class='ocrx_word' id='word_1_345' title='bbox 512 2939 682 2979; x_wconf 88' lang='lat' dir='ltr'>tribuat.</span> <span class='ocrx_word' id='word_1_346' title='bbox 743 2940 896 2994; x_wconf 89' lang='lat' dir='ltr'>Itaque</span> <span class='ocrx_word' id='word_1_347' title='bbox 928 2941 1069 2982; x_wconf 86' lang='lat' dir='ltr'>studio</span> <span class='ocrx_word' id='word_1_348' title='bbox 1101 2942 1288 2990; x_wconf 89' lang='lat' dir='ltr'>vividae,</span> <span class='ocrx_word' id='word_1_349' title='bbox 1320 2949 1367 2981; x_wconf 91' lang='lat' dir='ltr'>ut</span> <span class='ocrx_word' id='word_1_350' title='bbox 1398 2943 1456 2982; x_wconf 89' lang='lat' dir='ltr'>ita</span> <span class='ocrx_word' id='word_1_351' title='bbox 1490 2941 1644 2991; x_wconf 84' lang='lat' dir='ltr'>dicam,</span> <span class='ocrx_word' id='word_1_352' title='bbox 1681 2942 2067 2996; x_wconf 85' lang='lat' dir='ltr'>vehementiusque</span> <span class='ocrx_word' id='word_1_353' title='bbox 2099 2943 2263 2983; x_wconf 85' lang='lat' dir='ltr'>anima-</span> 
     </span>
     <span class='ocr_line' id='line_1_34' title="bbox 121 3016 2263 3077; baseline 0.003 -22"><span class='ocrx_word' id='word_1_354' title='bbox 121 3025 189 3057; x_wconf 86' lang='lat' dir='ltr'>tae</span> <span class='ocrx_word' id='word_1_355' title='bbox 219 3016 423 3057; x_wconf 79' lang='lat' dir='ltr'>orationis</span> <span class='ocrx_word' id='word_1_356' title='bbox 454 3018 706 3058; x_wconf 88' lang='lat' dir='ltr'>recentioris</span> <span class='ocrx_word' id='word_1_357' title='bbox 728 3020 880 3059; x_wconf 87' lang='lat' dir='ltr'>aetatis</span> <span class='ocrx_word' id='word_1_358' title='bbox 904 3021 1151 3075; x_wconf 86' lang='lat' dir='ltr'>scriptores,</span> <span class='ocrx_word' id='word_1_359' title='bbox 1173 3028 1218 3060; x_wconf 94' lang='lat' dir='ltr'>ut</span> <span class='ocrx_word' id='word_1_360' title='bbox 1241 3021 1431 3075; x_wconf 87' lang='lat' dir='ltr'>optativo</span> <span class='ocrx_word' id='word_1_361' title='bbox 1454 3021 1744 3070; x_wconf 85' lang='lat' dir='ltr'>abuterentur,</span> <span class='ocrx_word' id='word_1_362' title='bbox 1768 3021 1931 3061; x_wconf 85' lang='lat' dir='ltr'>inducti</span> <span class='ocrx_word' id='word_1_363' title='bbox 1953 3036 2047 3062; x_wconf 88' lang='lat' dir='ltr'>esse</span> <span class='ocrx_word' id='word_1_364' title='bbox 2070 3031 2263 3077; x_wconf 84' lang='lat' dir='ltr'>possunt.</span> 
     </span>
    </p>

    <p class='ocr_par' dir='ltr' id='par_1_6' title="bbox 117 3093 2264 3234">
     <span class='ocr_line' id='line_1_35' title="bbox 321 3093 2264 3155; baseline 0.003 -19"><span class='ocrx_word' id='word_1_365' title='bbox 321 3093 423 3136; x_wconf 73' lang='lat' dir='ltr'>‹Jam</span> <span class='ocrx_word' id='word_1_366' title='bbox 470 3095 504 3134; x_wconf 89' lang='lat' dir='ltr'>si</span> <span class='ocrx_word' id='word_1_367' title='bbox 549 3097 858 3151; x_wconf 86' lang='lat' dir='ltr'>expendemus,</span> <span class='ocrx_word' id='word_1_368' title='bbox 905 3099 948 3139; x_wconf 91' lang='lat' dir='ltr'>in</span> <span class='ocrx_word' id='word_1_369' title='bbox 986 3113 1071 3153; x_wconf 90' lang='lat' dir='ltr'>quo</span> <span class='ocrx_word' id='word_1_370' title='bbox 1111 3100 1460 3141; x_wconf 85' lang='lat' dir='ltr'>enunciationum</span> <span class='ocrx_word' id='word_1_371' title='bbox 1500 3116 1660 3154; x_wconf 83' lang='lat' dir='ltr'>genere</span> <span class='ocrx_word' id='word_1_372' title='bbox 1699 3101 1882 3140; x_wconf 78' lang='lat' dir='ltr'>maxime</span> <span class='ocrx_word' id='word_1_373' title='bbox 1915 3102 2131 3155; x_wconf 82' lang='lat' dir='ltr'>optativus</span> <span class='ocrx_word' id='word_1_374' title='bbox 2164 3115 2264 3141; x_wconf 86' lang='lat' dir='ltr'>con-</span> 
     </span>
     <span class='ocr_line' id='line_1_36' title="bbox 117 3173 2263 3234; baseline 0.003 -22"><span class='ocrx_word' id='word_1_375' title='bbox 117 3173 301 3225; x_wconf 86' lang='lat' dir='ltr'>junetivi</span> <span class='ocrx_word' id='word_1_376' title='bbox 332 3173 474 3214; x_wconf 83' lang='lat' dir='ltr'>locum</span> <span class='ocrx_word' id='word_1_377' title='bbox 506 3174 723 3225; x_wconf 86' lang='lat' dir='ltr'>invaserit,</span> <span class='ocrx_word' id='word_1_378' title='bbox 757 3176 985 3231; x_wconf 83' lang='lat' dir='ltr'>Madvigio</span> <span class='ocrx_word' id='word_1_379' title='bbox 1016 3179 1313 3227; x_wconf 87' lang='lat' dir='ltr'>assentiemur,</span> <span class='ocrx_word' id='word_1_380' title='bbox 1346 3179 1389 3219; x_wconf 90' lang='lat' dir='ltr'>in</span> <span class='ocrx_word' id='word_1_381' title='bbox 1420 3180 1622 3220; x_wconf 86' lang='lat' dir='ltr'>finalibus</span> <span class='ocrx_word' id='word_1_382' title='bbox 1646 3180 1866 3220; x_wconf 85' lang='lat' dir='ltr'>sententiis</span> <span class='ocrx_word' id='word_1_383' title='bbox 1890 3180 2144 3234; x_wconf 86' lang='lat' dir='ltr'>saepissime</span> <span class='ocrx_word' id='word_1_384' title='bbox 2166 3194 2263 3220; x_wconf 91' lang='lat' dir='ltr'>eum</span> 
     </span>
    </p>
   </div>
   <div class='ocr_carea' id='block_1_6' title="bbox 126 3253 2266 3314">
    <p class='ocr_par' dir='ltr' id='par_1_7' title="bbox 126 3253 2266 3314">
     <span class='ocr_line' id='line_1_37' title="bbox 126 3253 2266 3314; baseline 0.003 -22"><span class='ocrx_word' id='word_1_385' title='bbox 126 3258 331 3306; x_wconf 83' lang='lat' dir='ltr'>perverse</span> <span class='ocrx_word' id='word_1_386' title='bbox 360 3263 614 3307; x_wconf 88' lang='lat' dir='ltr'>usurpatum</span> <span class='ocrx_word' id='word_1_387' title='bbox 639 3254 865 3306; x_wconf 85' lang='lat' dir='ltr'>judicanti.</span> <span class='ocrx_word' id='word_1_388' title='bbox 926 3255 1016 3299; x_wconf 79' lang='lat' dir='ltr'>Nec</span> <span class='ocrx_word' id='word_1_389' title='bbox 1047 3258 1160 3312; x_wconf 87' lang='lat' dir='ltr'>fugit</span> <span class='ocrx_word' id='word_1_390' title='bbox 1191 3272 1282 3307; x_wconf 91' lang='lat' dir='ltr'>nos,</span> <span class='ocrx_word' id='word_1_391' title='bbox 1319 3253 1371 3307; x_wconf 82' lang='grc' dir='ltr'>ὧς</span> <span class='ocrx_word' id='word_1_392' title='bbox 1402 3259 1658 3314; x_wconf 87' lang='lat' dir='ltr'>particulam</span> <span class='ocrx_word' id='word_1_393' title='bbox 1691 3258 1946 3313; x_wconf 87' lang='lat' dir='ltr'>plerumque</span> <span class='ocrx_word' id='word_1_394' title='bbox 1978 3258 2038 3298; x_wconf 87' lang='lat' dir='ltr'>ibi</span> <span class='ocrx_word' id='word_1_395' title='bbox 2070 3258 2266 3299; x_wconf 78' lang='lat' dir='ltr'>inveniri.</span> 
     </span>
    </p>
   </div>
   <div class='ocr_carea' id='block_1_7' title="bbox 1946 3337 2003 3378">
    <p class='ocr_par' dir='ltr' id='par_1_8' title="bbox 1946 3337 2003 3378">
     <span class='ocr_line' id='line_1_38' title="bbox 1946 3337 2003 3378; baseline 0 -17"><span class='ocrx_word' id='word_1_396' title='bbox 1946 3337 2003 3378; x_wconf 78' lang='lat'>3*</span> 
     </span>
    </p>
   </div>
  </div>
 </body>
</html>
