<?xml version="1.0" encoding="UTF-8"?>
<!DOCTYPE html PUBLIC "-//W3C//DTD XHTML 1.0 Transitional//EN"
    "http://www.w3.org/TR/xhtml1/DTD/xhtml1-transitional.dtd">
<html xmlns="http://www.w3.org/1999/xhtml" xml:lang="en" lang="en">
 <head>
  <title>
</title>
<meta http-equiv="Content-Type" content="text/html;charset=utf-8" />
  <meta name='ocr-system' content='tesseract 3.04.00' />
  <meta name='ocr-capabilities' content='ocr_page ocr_carea ocr_par ocr_line ocrx_word'/>
</head>
<body>
  <div class='ocr_page' id='page_1' title='image "./grammaticaquamlu00dumeuoft_0053.png"; bbox 0 0 2456 3501; ppageno 0'>
   <div class='ocr_carea' id='block_1_1' title="bbox 1107 148 1189 193">
    <p class='ocr_par' dir='ltr' id='par_1_1' title="bbox 1107 148 1189 193">
     <span class='ocr_line' id='line_1_1' title="bbox 1107 148 1189 193; baseline 0.012 -1"><span class='ocrx_word' id='word_1_1' title='bbox 1107 148 1189 193; x_wconf 83' lang='lat'>45</span> 
     </span>
    </p>
   </div>
   <div class='ocr_carea' id='block_1_2' title="bbox 66 305 2220 3358">
    <p class='ocr_par' dir='ltr' id='par_1_2' title="bbox 813 305 1482 440">
     <span class='ocr_line' id='line_1_2' title="bbox 927 305 1373 361; baseline 0 -14"><span class='ocrx_word' id='word_1_2' title='bbox 927 309 971 359; x_wconf 91' lang='lat' dir='ltr'>c)</span> <span class='ocrx_word' id='word_1_3' title='bbox 1006 307 1067 348; x_wconf 83' lang='lat' dir='ltr'>ad</span> <span class='ocrx_word' id='word_1_4' title='bbox 1097 305 1373 361; x_wconf 70' lang='lat' dir='ltr'>infinitivum.</span> 
     </span>
     <span class='ocr_line' id='line_1_3' title="bbox 813 385 1482 440; baseline 0 -14"><span class='ocrx_word' id='word_1_5' title='bbox 813 386 858 437; x_wconf 83' lang='grc' dir='ltr'>α)</span> <span class='ocrx_word' id='word_1_6' title='bbox 896 387 945 426; x_wconf 91' lang='lat' dir='ltr'>in</span> <span class='ocrx_word' id='word_1_7' title='bbox 972 386 1219 437; x_wconf 59' lang='lat' dir='ltr'>‘oratione</span> <span class='ocrx_word' id='word_1_8' title='bbox 1248 385 1482 440; x_wconf 86' lang='lat' dir='ltr'>obliqua:</span> 
     </span>
    </p>

    <p class='ocr_par' dir='ltr' id='par_1_3' title="bbox 73 460 2220 1532">
     <span class='ocr_line' id='line_1_4' title="bbox 277 460 2217 523; baseline 0.002 -16"><span class='ocrx_word' id='word_1_9' title='bbox 277 463 322 508; x_wconf 75' lang='grc' dir='ltr'>τὲ</span> <span class='ocrx_word' id='word_1_10' title='bbox 352 463 425 520; x_wconf 83' lang='grc' dir='ltr'>μὲν</span> <span class='ocrx_word' id='word_1_11' title='bbox 452 461 531 520; x_wconf 77' lang='grc' dir='ltr'>γὰρ</span> <span class='ocrx_word' id='word_1_12' title='bbox 563 460 748 519; x_wconf 80' lang='grc' dir='ltr'>ἀργύριον</span> <span class='ocrx_word' id='word_1_13' title='bbox 777 462 880 520; x_wconf 82' lang='grc' dir='ltr'>μηδὲ</span> <span class='ocrx_word' id='word_1_14' title='bbox 910 460 1075 521; x_wconf 69' lang='grc' dir='ltr'>ἀριῖςμῷ</span> <span class='ocrx_word' id='word_1_15' title='bbox 1106 462 1216 518; x_wconf 83' lang='grc' dir='ltr'>ἄγειν</span> <span class='ocrx_word' id='word_1_16' title='bbox 1238 460 1361 505; x_wconf 78' lang='grc' dir='ltr'>αὐτὸν</span> <span class='ocrx_word' id='word_1_17' title='bbox 1382 461 1489 506; x_wconf 84' lang='grc' dir='ltr'>ἀλλὰ</span> <span class='ocrx_word' id='word_1_18' title='bbox 1508 464 1684 522; x_wconf 82' lang='grc' dir='ltr'>μεδίμνῳ</span> <span class='ocrx_word' id='word_1_19' title='bbox 1703 462 2080 523; x_wconf 81' lang='grc' dir='ltr'>ἀπομεμετρημένον</span> <span class='ocrx_word' id='word_1_20' title='bbox 2102 469 2217 512; x_wconf 75' lang='lat' dir='ltr'>Dial.</span> 
     </span>
     <span class='ocr_line' id='line_1_5' title="bbox 77 539 2219 603; baseline 0.002 -17"><span class='ocrx_word' id='word_1_21' title='bbox 77 546 188 587; x_wconf 82' lang='lat' dir='ltr'>Mer.</span> <span class='ocrx_word' id='word_1_22' title='bbox 213 549 250 586; x_wconf 73' lang='grc'>9.</span> <span class='ocrx_word' id='word_1_23' title='bbox 274 548 310 585; x_wconf 90' lang='grc'>2.</span> <span class='ocrx_word' id='word_1_24' title='bbox 334 544 415 585; x_wconf 82' lang='grc' dir='ltr'><strong>ΙΙΙ.</strong></span> <span class='ocrx_word' id='word_1_25' title='bbox 437 547 532 584; x_wconf 83' lang='grc'><strong>302.</strong></span> <span class='ocrx_word' id='word_1_26' title='bbox 582 543 733 584; x_wconf 83' lang='grc' dir='ltr'>ἐκεῖνον</span> <span class='ocrx_word' id='word_1_27' title='bbox 763 541 806 584; x_wconf 81' lang='grc' dir='ltr'>δὲ</span> <span class='ocrx_word' id='word_1_28' title='bbox 835 541 1136 598; x_wconf 54' lang='grc' dir='ltr'>έρυῇριάσαντα</span> <span class='ocrx_word' id='word_1_29' title='bbox 1164 540 1279 584; x_wconf 82' lang='grc' dir='ltr'>κάτω</span> <span class='ocrx_word' id='word_1_30' title='bbox 1309 539 1404 597; x_wconf 81' lang='grc' dir='ltr'>ὃρᾶν</span> <span class='ocrx_word' id='word_1_31' title='bbox 1433 541 1507 584; x_wconf 85' lang='grc' dir='ltr'>καὶ</span> <span class='ocrx_word' id='word_1_32' title='bbox 1536 545 1682 599; x_wconf 82' lang='grc' dir='ltr'>μηκέτι</span> <span class='ocrx_word' id='word_1_33' title='bbox 1701 551 1956 600; x_wconf 76' lang='grc' dir='ltr'>παρενεγκεῖν</span> <span class='ocrx_word' id='word_1_34' title='bbox 1976 545 2044 588; x_wconf 79' lang='grc' dir='ltr'>τὸν</span> <span class='ocrx_word' id='word_1_35' title='bbox 2064 544 2219 603; x_wconf 51' lang='grc' dir='ltr'>ὄφῗαλ-</span> 
     </span>
     <span class='ocr_line' id='line_1_6' title="bbox 76 619 2217 680; baseline 0.002 -16"><span class='ocrx_word' id='word_1_36' title='bbox 76 621 151 678; x_wconf 86' lang='grc' dir='ltr'>μόν</span> <span class='ocrx_word' id='word_1_37' title='bbox 191 624 304 664; x_wconf 74' lang='lat' dir='ltr'>Dial.</span> <span class='ocrx_word' id='word_1_38' title='bbox 339 623 446 663; x_wconf 81' lang='lat' dir='ltr'>Mer.</span> <span class='ocrx_word' id='word_1_39' title='bbox 482 625 544 662; x_wconf 88' lang='lat'>10.</span> <span class='ocrx_word' id='word_1_40' title='bbox 577 625 615 662; x_wconf 88' lang='grc'>2.</span> <span class='ocrx_word' id='word_1_41' title='bbox 650 622 733 663; x_wconf 79' lang='lat'>111.</span> <span class='ocrx_word' id='word_1_42' title='bbox 764 624 859 663; x_wconf 86' lang='lat'>306.</span> <span class='ocrx_word' id='word_1_43' title='bbox 919 619 1064 663; x_wconf 76' lang='grc' dir='ltr'>ἑαυτὸν</span> <span class='ocrx_word' id='word_1_44' title='bbox 1101 620 1146 662; x_wconf 81' lang='grc' dir='ltr'>δὲ</span> <span class='ocrx_word' id='word_1_45' title='bbox 1178 619 1235 677; x_wconf 83' lang='grc' dir='ltr'>μὴ</span> <span class='ocrx_word' id='word_1_46' title='bbox 1273 623 1410 663; x_wconf 74' lang='grc' dir='ltr'>δοῦναι</span> <span class='ocrx_word' id='word_1_47' title='bbox 1447 623 1517 663; x_wconf 89' lang='lat' dir='ltr'>De</span> <span class='ocrx_word' id='word_1_48' title='bbox 1556 623 1686 664; x_wconf 86' lang='lat' dir='ltr'>Mort.</span> <span class='ocrx_word' id='word_1_49' title='bbox 1726 624 1881 680; x_wconf 81' lang='lat' dir='ltr'>Pereg.</span> <span class='ocrx_word' id='word_1_50' title='bbox 1912 629 1978 667; x_wconf 88' lang='lat'>44.</span> <span class='ocrx_word' id='word_1_51' title='bbox 2010 627 2091 667; x_wconf 82' lang='grc' dir='ltr'><strong>ΙΙΙ.</strong></span> <span class='ocrx_word' id='word_1_52' title='bbox 2122 630 2217 668; x_wconf 85' lang='grc'><strong>363.</strong></span> 
     </span>
     <span class='ocr_line' id='line_1_7' title="bbox 76 697 2218 761; baseline 0.001 -17"><span class='ocrx_word' id='word_1_53' title='bbox 76 703 284 758; x_wconf 79' lang='grc' dir='ltr'>ἐπιστῆναι</span> <span class='ocrx_word' id='word_1_54' title='bbox 312 699 380 744; x_wconf 79' lang='grc' dir='ltr'>τὸν</span> <span class='ocrx_word' id='word_1_55' title='bbox 410 699 581 743; x_wconf 77' lang='grc' dir='ltr'>ἐκδόντα</span> <span class='ocrx_word' id='word_1_56' title='bbox 611 701 860 757; x_wconf 56' lang='grc' dir='ltr'>μέμφεσῖΐαι,</span> <span class='ocrx_word' id='word_1_57' title='bbox 892 697 949 757; x_wconf 75' lang='grc' dir='ltr'>μή</span> <span class='ocrx_word' id='word_1_58' title='bbox 980 699 1059 756; x_wconf 80' lang='grc' dir='ltr'>γὰρ</span> <span class='ocrx_word' id='word_1_59' title='bbox 1089 703 1208 742; x_wconf 78' lang='grc' dir='ltr'>τοῦτο</span> <span class='ocrx_word' id='word_1_60' title='bbox 1239 699 1592 756; x_wconf 68' lang='grc' dir='ltr'>προςτάξαιἨειιι.</span> <span class='ocrx_word' id='word_1_61' title='bbox 1612 705 1696 742; x_wconf 74' lang='lat' dir='ltr'>Eue.</span> <span class='ocrx_word' id='word_1_62' title='bbox 1722 706 1786 744; x_wconf 87' lang='grc'>24.</span> <span class='ocrx_word' id='word_1_63' title='bbox 1809 704 1891 744; x_wconf 89' lang='grc' dir='ltr'><strong>ΙΙΙ.</strong></span> <span class='ocrx_word' id='word_1_64' title='bbox 1914 707 2006 746; x_wconf 85' lang='grc'><strong>508.</strong></span> <span class='ocrx_word' id='word_1_65' title='bbox 2055 704 2112 761; x_wconf 77' lang='grc' dir='ltr'>μὴ</span> <span class='ocrx_word' id='word_1_66' title='bbox 2142 704 2218 761; x_wconf 79' lang='grc' dir='ltr'>γὰρ</span> 
     </span>
     <span class='ocr_line' id='line_1_8' title="bbox 76 776 2214 841; baseline 0.002 -18"><span class='ocrx_word' id='word_1_67' title='bbox 76 780 125 823; x_wconf 83' lang='grc' dir='ltr'>ἂν</span> <span class='ocrx_word' id='word_1_68' title='bbox 162 777 287 822; x_wconf 63' lang='grc' dir='ltr'>αὐτ-’ἕν</span> <span class='ocrx_word' id='word_1_69' title='bbox 324 776 445 822; x_wconf 77' lang='grc' dir='ltr'>αὐτὸν</span> <span class='ocrx_word' id='word_1_70' title='bbox 480 780 683 830; x_wconf 76' lang='grc' dir='ltr'>ἐκδοῦναι,</span> <span class='ocrx_word' id='word_1_71' title='bbox 721 777 840 835; x_wconf 90' lang='grc' dir='ltr'>μήπω</span> <span class='ocrx_word' id='word_1_72' title='bbox 876 777 1041 836; x_wconf 80' lang='grc' dir='ltr'>ἡλικίας</span> <span class='ocrx_word' id='word_1_73' title='bbox 1077 778 1259 835; x_wconf 80' lang='grc' dir='ltr'>ἡμμένην</span> <span class='ocrx_word' id='word_1_74' title='bbox 1296 783 1401 821; x_wconf 75' lang='lat' dir='ltr'>Char.</span> <span class='ocrx_word' id='word_1_75' title='bbox 1437 784 1499 821; x_wconf 80' lang='grc'>16.</span> <span class='ocrx_word' id='word_1_76' title='bbox 1531 781 1610 821; x_wconf 91' lang='lat' dir='ltr'>III.</span> <span class='ocrx_word' id='word_1_77' title='bbox 1642 784 1736 822; x_wconf 88' lang='grc'><strong>627.</strong></span> <span class='ocrx_word' id='word_1_78' title='bbox 1795 781 1899 837; x_wconf 80' lang='grc' dir='ltr'>μηδὲ</span> <span class='ocrx_word' id='word_1_79' title='bbox 1936 781 2013 840; x_wconf 85' lang='grc' dir='ltr'>γὰρ</span> <span class='ocrx_word' id='word_1_80' title='bbox 2045 783 2092 826; x_wconf 81' lang='grc' dir='ltr'>ἂν</span> <span class='ocrx_word' id='word_1_81' title='bbox 2122 783 2214 841; x_wconf 80' lang='grc' dir='ltr'>μηδ’</span> 
     </span>
     <span class='ocr_line' id='line_1_9' title="bbox 75 855 2220 919; baseline 0.001 -18"><span class='ocrx_word' id='word_1_82' title='bbox 75 859 222 901; x_wconf 81' lang='grc' dir='ltr'>ἐκεῖνον</span> <span class='ocrx_word' id='word_1_83' title='bbox 256 858 440 901; x_wconf 80' lang='grc' dir='ltr'>ἐναντίαν</span> <span class='ocrx_word' id='word_1_84' title='bbox 478 855 588 916; x_wconf 73' lang='grc' dir='ltr'>αὐτῷ</span> <span class='ocrx_word' id='word_1_85' title='bbox 623 856 806 913; x_wconf 50' lang='grc' dir='ltr'>κιῇάραν</span> <span class='ocrx_word' id='word_1_86' title='bbox 841 874 888 900; x_wconf 90' lang='grc' dir='ltr'>τε</span> <span class='ocrx_word' id='word_1_87' title='bbox 922 857 995 901; x_wconf 75' lang='grc' dir='ltr'>καὶ</span> <span class='ocrx_word' id='word_1_88' title='bbox 1033 856 1136 917; x_wconf 81' lang='grc' dir='ltr'>ᾠδὴν</span> <span class='ocrx_word' id='word_1_89' title='bbox 1172 859 1330 903; x_wconf 43' lang='lat' dir='ltr'>&amp;seirat</span> <span class='ocrx_word' id='word_1_90' title='bbox 1361 862 1439 902; x_wconf 76' lang='lat' dir='ltr'>Ner.</span> <span class='ocrx_word' id='word_1_91' title='bbox 1473 863 1510 900; x_wconf 93' lang='grc'>2.</span> <span class='ocrx_word' id='word_1_92' title='bbox 1544 859 1625 900; x_wconf 85' lang='grc' dir='ltr'><strong>ΙΙΙ.</strong></span> <span class='ocrx_word' id='word_1_93' title='bbox 1659 862 1752 901; x_wconf 84' lang='grc'><strong>637.</strong></span> <span class='ocrx_word' id='word_1_94' title='bbox 1812 859 1869 916; x_wconf 78' lang='grc' dir='ltr'>μὴ</span> <span class='ocrx_word' id='word_1_95' title='bbox 1899 859 1975 917; x_wconf 83' lang='grc' dir='ltr'>γὰρ</span> <span class='ocrx_word' id='word_1_96' title='bbox 2007 860 2220 919; x_wconf 70' lang='grc' dir='ltr'>ἀπορήσειν</span> 
     </span>
     <span class='ocr_line' id='line_1_10' title="bbox 73 934 2216 997; baseline 0.003 -19"><span class='ocrx_word' id='word_1_97' title='bbox 73 934 184 992; x_wconf 69' lang='grc' dir='ltr'>ἡμᾶς</span> <span class='ocrx_word' id='word_1_98' title='bbox 213 941 292 979; x_wconf 85' lang='grc' dir='ltr'>τῶν</span> <span class='ocrx_word' id='word_1_99' title='bbox 322 938 664 992; x_wconf 85' lang='grc' dir='ltr'>διακονησομένων</span> <span class='ocrx_word' id='word_1_100' title='bbox 695 936 889 993; x_wconf 87' lang='lat' dir='ltr'>Philops.</span> <span class='ocrx_word' id='word_1_101' title='bbox 921 941 988 979; x_wconf 80' lang='lat'>34.</span> <span class='ocrx_word' id='word_1_102' title='bbox 1019 939 1102 979; x_wconf 85' lang='grc' dir='ltr'><strong>ΙΙΙ.</strong></span> <span class='ocrx_word' id='word_1_103' title='bbox 1135 941 1200 979; x_wconf 85' lang='grc'>61.</span> <span class='ocrx_word' id='word_1_104' title='bbox 1261 937 1365 994; x_wconf 82' lang='grc' dir='ltr'>μηδὲ</span> <span class='ocrx_word' id='word_1_105' title='bbox 1393 937 1471 994; x_wconf 85' lang='grc' dir='ltr'>γὰρ</span> <span class='ocrx_word' id='word_1_106' title='bbox 1504 935 1603 981; x_wconf 73' lang='grc' dir='ltr'>αὐτὸ</span> <span class='ocrx_word' id='word_1_107' title='bbox 1633 937 1751 981; x_wconf 79' lang='grc' dir='ltr'>τοῦτό</span> <span class='ocrx_word' id='word_1_108' title='bbox 1782 954 1842 982; x_wconf 90' lang='grc' dir='ltr'>πω</span> <span class='ocrx_word' id='word_1_109' title='bbox 1870 941 2216 997; x_wconf 74' lang='grc' dir='ltr'>καταλαμβάνειν,</span> 
     </span>
     <span class='ocr_line' id='line_1_11' title="bbox 75 1015 2220 1074; baseline 0.003 -17"><span class='ocrx_word' id='word_1_110' title='bbox 75 1015 110 1058; x_wconf 84' lang='grc' dir='ltr'>εἰ</span> <span class='ocrx_word' id='word_1_111' title='bbox 138 1015 211 1058; x_wconf 79' lang='grc' dir='ltr'>καὶ</span> <span class='ocrx_word' id='word_1_112' title='bbox 240 1015 360 1072; x_wconf 80' lang='grc' dir='ltr'>νῆσός</span> <span class='ocrx_word' id='word_1_113' title='bbox 388 1031 450 1066; x_wconf 79' lang='grc' dir='ltr'>τις</span> <span class='ocrx_word' id='word_1_114' title='bbox 478 1015 650 1073; x_wconf 76' lang='grc' dir='ltr'>τοιαύτη</span> <span class='ocrx_word' id='word_1_115' title='bbox 681 1016 788 1058; x_wconf 79' lang='grc' dir='ltr'>ἐστίν</span> <span class='ocrx_word' id='word_1_116' title='bbox 819 1017 870 1058; x_wconf 86' lang='lat' dir='ltr'>V.</span> <span class='ocrx_word' id='word_1_117' title='bbox 892 1018 1006 1058; x_wconf 83' lang='lat' dir='ltr'>Hist.</span> <span class='ocrx_word' id='word_1_118' title='bbox 1039 1018 1087 1058; x_wconf 89' lang='grc' dir='ltr'>Β.</span> <span class='ocrx_word' id='word_1_119' title='bbox 1124 1021 1186 1058; x_wconf 89' lang='grc'>18.</span> <span class='ocrx_word' id='word_1_120' title='bbox 1211 1018 1268 1058; x_wconf 86' lang='grc' dir='ltr'>ΙΙ.</span> <span class='ocrx_word' id='word_1_121' title='bbox 1295 1020 1385 1058; x_wconf 91' lang='grc'><strong>115.</strong></span> <span class='ocrx_word' id='word_1_122' title='bbox 1435 1016 1548 1074; x_wconf 90' lang='grc' dir='ltr'>νίκην</span> <span class='ocrx_word' id='word_1_123' title='bbox 1577 1016 1649 1073; x_wconf 85' lang='grc' dir='ltr'>μὲν</span> <span class='ocrx_word' id='word_1_124' title='bbox 1677 1016 1754 1073; x_wconf 78' lang='grc' dir='ltr'>γὰρ</span> <span class='ocrx_word' id='word_1_125' title='bbox 1785 1025 1984 1074; x_wconf 80' lang='grc' dir='ltr'>προειπεῖν</span> <span class='ocrx_word' id='word_1_126' title='bbox 2012 1019 2080 1064; x_wconf 79' lang='grc' dir='ltr'>τὸν</span> <span class='ocrx_word' id='word_1_127' title='bbox 2109 1021 2220 1074; x_wconf 50' lang='lat' dir='ltr'>seb»,</span> 
     </span>
     <span class='ocr_line' id='line_1_12' title="bbox 74 1094 2219 1156; baseline 0.004 -20"><span class='ocrx_word' id='word_1_128' title='bbox 74 1094 132 1150; x_wconf 81' lang='grc' dir='ltr'>μὴ</span> <span class='ocrx_word' id='word_1_129' title='bbox 162 1095 296 1150; x_wconf 83' lang='grc' dir='ltr'>μέντοι</span> <span class='ocrx_word' id='word_1_130' title='bbox 326 1097 503 1151; x_wconf 87' lang='grc' dir='ltr'>δηλῶσαι</span> <span class='ocrx_word' id='word_1_131' title='bbox 535 1098 658 1137; x_wconf 83' lang='lat' dir='ltr'>Alex.</span> <span class='ocrx_word' id='word_1_132' title='bbox 691 1099 756 1137; x_wconf 83' lang='grc'>48.</span> <span class='ocrx_word' id='word_1_133' title='bbox 788 1097 839 1137; x_wconf 91' lang='lat' dir='ltr'>Il.</span> <span class='ocrx_word' id='word_1_134' title='bbox 872 1099 966 1137; x_wconf 89' lang='grc'><strong>254.</strong></span> <span class='ocrx_word' id='word_1_135' title='bbox 1017 1094 1083 1137; x_wconf 85' lang='grc' dir='ltr'>διὰ</span> <span class='ocrx_word' id='word_1_136' title='bbox 1114 1094 1192 1151; x_wconf 84' lang='grc' dir='ltr'>γὰρ</span> <span class='ocrx_word' id='word_1_137' title='bbox 1222 1094 1296 1152; x_wconf 77' lang='grc' dir='ltr'>τὴν</span> <span class='ocrx_word' id='word_1_138' title='bbox 1326 1094 1425 1151; x_wconf 83' lang='grc' dir='ltr'>πρὸς</span> <span class='ocrx_word' id='word_1_139' title='bbox 1448 1094 1724 1140; x_wconf 78' lang='grc' dir='ltr'>Ῥουτιλιανὸν</span> <span class='ocrx_word' id='word_1_140' title='bbox 1754 1097 1907 1141; x_wconf 77' lang='grc' dir='ltr'>εὔνοιαν</span> <span class='ocrx_word' id='word_1_141' title='bbox 1937 1098 1993 1156; x_wconf 82' lang='grc' dir='ltr'>μὴ</span> <span class='ocrx_word' id='word_1_142' title='bbox 2025 1100 2074 1142; x_wconf 81' lang='grc' dir='ltr'>ἂν</span> <span class='ocrx_word' id='word_1_143' title='bbox 2104 1101 2219 1144; x_wconf 88' lang='grc' dir='ltr'>δύνα-</span> 
     </span>
     <span class='ocr_line' id='line_1_13' title="bbox 74 1172 2220 1234; baseline 0.003 -18"><span class='ocrx_word' id='word_1_144' title='bbox 74 1175 175 1216; x_wconf 60' lang='grc' dir='ltr'>σῗῖαι</span> <span class='ocrx_word' id='word_1_145' title='bbox 203 1172 376 1216; x_wconf 80' lang='grc' dir='ltr'>κολάσαι</span> <span class='ocrx_word' id='word_1_146' title='bbox 407 1173 527 1217; x_wconf 81' lang='grc' dir='ltr'>αὐτόν</span> <span class='ocrx_word' id='word_1_147' title='bbox 558 1177 625 1216; x_wconf 86' lang='lat' dir='ltr'>Al.</span> <span class='ocrx_word' id='word_1_148' title='bbox 649 1178 714 1216; x_wconf 92' lang='grc'>57.</span> <span class='ocrx_word' id='word_1_149' title='bbox 747 1176 803 1216; x_wconf 84' lang='grc' dir='ltr'>ΙΙ.</span> <span class='ocrx_word' id='word_1_150' title='bbox 827 1178 920 1216; x_wconf 83' lang='grc'><strong>262.</strong></span> <span class='ocrx_word' id='word_1_151' title='bbox 971 1172 1028 1231; x_wconf 80' lang='grc' dir='ltr'>μὴ</span> <span class='ocrx_word' id='word_1_152' title='bbox 1059 1175 1257 1230; x_wconf 78' lang='grc' dir='ltr'>’γνωρίζειν</span> <span class='ocrx_word' id='word_1_153' title='bbox 1287 1174 1332 1217; x_wconf 79' lang='grc' dir='ltr'>δὲ</span> <span class='ocrx_word' id='word_1_154' title='bbox 1359 1174 1434 1231; x_wconf 79' lang='grc' dir='ltr'>τὴν</span> <span class='ocrx_word' id='word_1_155' title='bbox 1466 1172 1687 1232; x_wconf 74' lang='grc' dir='ltr'>ὁμοιότητα</span> <span class='ocrx_word' id='word_1_156' title='bbox 1708 1189 1716 1198; x_wconf 85' lang='grc'>·</span> <span class='ocrx_word' id='word_1_157' title='bbox 1738 1176 1795 1233; x_wconf 81' lang='grc' dir='ltr'>μὴ</span> <span class='ocrx_word' id='word_1_158' title='bbox 1825 1176 1902 1234; x_wconf 85' lang='grc' dir='ltr'>γὰρ</span> <span class='ocrx_word' id='word_1_159' title='bbox 1934 1176 1984 1221; x_wconf 74' lang='grc' dir='ltr'>ἄν</span> <span class='ocrx_word' id='word_1_160' title='bbox 2014 1175 2115 1222; x_wconf 80' lang='grc' dir='ltr'>εἶναι</span> <span class='ocrx_word' id='word_1_161' title='bbox 2143 1184 2220 1223; x_wconf 81' lang='grc' dir='ltr'>τῶν</span> 
     </span>
     <span class='ocr_line' id='line_1_14' title="bbox 74 1248 2218 1314; baseline 0.004 -20"><span class='ocrx_word' id='word_1_162' title='bbox 74 1252 318 1309; x_wconf 78' lang='grc' dir='ltr'>τηλικούτων</span> <span class='ocrx_word' id='word_1_163' title='bbox 356 1251 475 1304; x_wconf 78' lang='grc' dir='ltr'>ἀξίαν</span> <span class='ocrx_word' id='word_1_164' title='bbox 514 1252 618 1309; x_wconf 84' lang='grc' dir='ltr'>μηδὲ</span> <span class='ocrx_word' id='word_1_165' title='bbox 656 1250 786 1308; x_wconf 73' lang='grc' dir='ltr'>ἐγγὺς,</span> <span class='ocrx_word' id='word_1_166' title='bbox 826 1251 888 1296; x_wconf 74' lang='grc' dir='ltr'>ὅτι</span> <span class='ocrx_word' id='word_1_167' title='bbox 925 1253 1028 1310; x_wconf 85' lang='grc' dir='ltr'>μηδὲ</span> <span class='ocrx_word' id='word_1_168' title='bbox 1060 1253 1183 1310; x_wconf 77' lang='grc' dir='ltr'>ἄλλην</span> <span class='ocrx_word' id='word_1_169' title='bbox 1213 1254 1315 1307; x_wconf 86' lang='grc' dir='ltr'>τινὰ,</span> <span class='ocrx_word' id='word_1_170' title='bbox 1346 1254 1520 1310; x_wconf 82' lang='grc' dir='ltr'>γυναῖκά</span> <span class='ocrx_word' id='word_1_171' title='bbox 1549 1271 1595 1310; x_wconf 80' lang='grc' dir='ltr'>γε</span> <span class='ocrx_word' id='word_1_172' title='bbox 1625 1248 1746 1298; x_wconf 72' lang='grc' dir='ltr'>οὖσαν</span> <span class='ocrx_word' id='word_1_173' title='bbox 1777 1258 1862 1300; x_wconf 90' lang='lat' dir='ltr'>Pro</span> <span class='ocrx_word' id='word_1_174' title='bbox 1894 1258 2030 1314; x_wconf 81' lang='lat' dir='ltr'>Imag.</span> <span class='ocrx_word' id='word_1_175' title='bbox 2065 1263 2127 1301; x_wconf 93' lang='grc'>10.</span> <span class='ocrx_word' id='word_1_176' title='bbox 2159 1261 2218 1302; x_wconf 83' lang='lat'>11.</span> 
     </span>
     <span class='ocr_line' id='line_1_15' title="bbox 74 1329 2217 1391; baseline 0.004 -19"><span class='ocrx_word' id='word_1_177' title='bbox 74 1336 168 1372; x_wconf 69' lang='grc'><strong>489.</strong></span> <span class='ocrx_word' id='word_1_178' title='bbox 229 1329 248 1376; x_wconf 81' lang='grc' dir='ltr'>ὃ</span> <span class='ocrx_word' id='word_1_179' title='bbox 279 1331 322 1374; x_wconf 82' lang='grc' dir='ltr'>δὲ</span> <span class='ocrx_word' id='word_1_180' title='bbox 350 1333 478 1388; x_wconf 88' lang='grc' dir='ltr'>λύτρα</span> <span class='ocrx_word' id='word_1_181' title='bbox 507 1332 596 1390; x_wconf 73' lang='grc' dir='ltr'>ᾔτει</span> <span class='ocrx_word' id='word_1_182' title='bbox 618 1347 626 1355; x_wconf 93' lang='grc'><em>·</em></span> <span class='ocrx_word' id='word_1_183' title='bbox 648 1330 705 1389; x_wconf 77' lang='grc' dir='ltr'>μή</span> <span class='ocrx_word' id='word_1_184' title='bbox 735 1332 812 1389; x_wconf 80' lang='grc' dir='ltr'>γὰρ</span> <span class='ocrx_word' id='word_1_185' title='bbox 843 1333 1110 1390; x_wconf 65' lang='grc' dir='ltr'>προήσεσῖῖαι,</span> <span class='ocrx_word' id='word_1_186' title='bbox 1150 1334 1185 1376; x_wconf 85' lang='grc' dir='ltr'>εἷ.</span> <span class='ocrx_word' id='word_1_187' title='bbox 1215 1333 1270 1391; x_wconf 81' lang='grc' dir='ltr'>μὴ</span> <span class='ocrx_word' id='word_1_188' title='bbox 1303 1333 1464 1390; x_wconf 86' lang='grc' dir='ltr'>μεγάλα</span> <span class='ocrx_word' id='word_1_189' title='bbox 1495 1332 1590 1390; x_wconf 79' lang='grc' dir='ltr'>ὑπὲρ</span> <span class='ocrx_word' id='word_1_190' title='bbox 1622 1332 1746 1378; x_wconf 78' lang='grc' dir='ltr'>αὐτοῦ</span> <span class='ocrx_word' id='word_1_191' title='bbox 1776 1334 1893 1388; x_wconf 82' lang='grc' dir='ltr'>λάβοι</span> <span class='ocrx_word' id='word_1_192' title='bbox 1922 1337 2029 1379; x_wconf 71' lang='lat' dir='ltr'>Tox.</span> <span class='ocrx_word' id='word_1_193' title='bbox 2060 1342 2126 1380; x_wconf 85' lang='lat'>40.</span> <span class='ocrx_word' id='word_1_194' title='bbox 2161 1340 2217 1381; x_wconf 89' lang='grc' dir='ltr'>ΙΙ.</span> 
     </span>
     <span class='ocr_line' id='line_1_16' title="bbox 73 1409 2218 1473; baseline 0.003 -21"><span class='ocrx_word' id='word_1_195' title='bbox 73 1414 168 1454; x_wconf 79' lang='grc'><strong>548.</strong></span> <span class='ocrx_word' id='word_1_196' title='bbox 228 1410 459 1468; x_wconf 74' lang='grc' dir='ltr'>συγγνώμην</span> <span class='ocrx_word' id='word_1_197' title='bbox 490 1409 697 1468; x_wconf 82' lang='grc' dir='ltr'>ἀπονέμειν</span> <span class='ocrx_word' id='word_1_198' title='bbox 728 1411 840 1472; x_wconf 80' lang='grc' dir='ltr'>αὐτῷ</span> <span class='ocrx_word' id='word_1_199' title='bbox 868 1412 1040 1455; x_wconf 80' lang='grc' dir='ltr'>τοιαῦτά</span> <span class='ocrx_word' id='word_1_200' title='bbox 1069 1429 1116 1468; x_wconf 81' lang='grc' dir='ltr'>γε</span> <span class='ocrx_word' id='word_1_201' title='bbox 1146 1410 1425 1472; x_wconf 82' lang='grc' dir='ltr'>ἀμπεχομένῳ,</span> <span class='ocrx_word' id='word_1_202' title='bbox 1463 1412 1520 1471; x_wconf 80' lang='grc' dir='ltr'>μὴ</span> <span class='ocrx_word' id='word_1_203' title='bbox 1550 1413 1628 1470; x_wconf 82' lang='grc' dir='ltr'>γὰρ</span> <span class='ocrx_word' id='word_1_204' title='bbox 1660 1415 1763 1470; x_wconf 82' lang='grc' dir='ltr'>ἔχειν</span> <span class='ocrx_word' id='word_1_205' title='bbox 1794 1413 1916 1458; x_wconf 78' lang='grc' dir='ltr'>αὐτὸν</span> <span class='ocrx_word' id='word_1_206' title='bbox 1946 1415 2065 1472; x_wconf 80' lang='grc' dir='ltr'>ἕτερα</span> <span class='ocrx_word' id='word_1_207' title='bbox 2094 1418 2218 1473; x_wconf 76' lang='lat' dir='ltr'>Nigr.</span> 
     </span>
     <span class='ocr_line' id='line_1_17' title="bbox 75 1491 304 1532; baseline 0.009 -2"><span class='ocrx_word' id='word_1_208' title='bbox 75 1493 140 1531; x_wconf 77' lang='grc'>14.</span> <span class='ocrx_word' id='word_1_209' title='bbox 172 1491 206 1531; x_wconf 87' lang='grc' dir='ltr'><strong>Ι.</strong></span> <span class='ocrx_word' id='word_1_210' title='bbox 238 1494 304 1532; x_wconf 70' lang='grc'>53.</span> 
     </span>
    </p>

    <p class='ocr_par' dir='ltr' id='par_1_4' title="bbox 73 1569 2218 1707">
     <span class='ocr_line' id='line_1_18' title="bbox 272 1569 2218 1631; baseline 0.004 -20"><span class='ocrx_word' id='word_1_211' title='bbox 272 1571 312 1622; x_wconf 83' lang='grc' dir='ltr'>β)</span> <span class='ocrx_word' id='word_1_212' title='bbox 354 1582 470 1625; x_wconf 85' lang='lat' dir='ltr'>post</span> <span class='ocrx_word' id='word_1_213' title='bbox 501 1573 681 1621; x_wconf 80' lang='lat' dir='ltr'>verba,</span> <span class='ocrx_word' id='word_1_214' title='bbox 714 1588 845 1626; x_wconf 86' lang='lat' dir='ltr'>quae</span> <span class='ocrx_word' id='word_1_215' title='bbox 877 1569 927 1614; x_wconf 76' lang='grc' dir='ltr'>οὐ</span> <span class='ocrx_word' id='word_1_216' title='bbox 959 1574 1229 1628; x_wconf 79' lang='lat' dir='ltr'>particula</span> <span class='ocrx_word' id='word_1_217' title='bbox 1259 1575 1408 1628; x_wconf 86' lang='lat' dir='ltr'>sequi</span> <span class='ocrx_word' id='word_1_218' title='bbox 1442 1575 1599 1623; x_wconf 75' lang='lat' dir='ltr'>solet,</span> <span class='ocrx_word' id='word_1_219' title='bbox 1634 1575 1709 1615; x_wconf 81' lang='lat' dir='ltr'>sed</span> <span class='ocrx_word' id='word_1_220' title='bbox 1740 1576 2014 1631; x_wconf 79' lang='lat' dir='ltr'>exceptiones</span> <span class='ocrx_word' id='word_1_221' title='bbox 2037 1579 2218 1618; x_wconf 84' lang='lat' dir='ltr'>nonnul-</span> 
     </span>
     <span class='ocr_line' id='line_1_19' title="bbox 73 1650 1648 1707; baseline 0.002 -18"><span class='ocrx_word' id='word_1_222' title='bbox 73 1650 137 1690; x_wconf 78' lang='lat' dir='ltr'>las</span> <span class='ocrx_word' id='word_1_223' title='bbox 162 1651 250 1704; x_wconf 79' lang='lat' dir='ltr'>jam</span> <span class='ocrx_word' id='word_1_224' title='bbox 286 1651 402 1705; x_wconf 79' lang='lat' dir='ltr'>apud</span> <span class='ocrx_word' id='word_1_225' title='bbox 436 1652 633 1705; x_wconf 84' lang='lat' dir='ltr'>antiquos</span> <span class='ocrx_word' id='word_1_226' title='bbox 665 1653 708 1691; x_wconf 91' lang='lat' dir='ltr'>in</span> <span class='ocrx_word' id='word_1_227' title='bbox 739 1653 792 1692; x_wconf 89' lang='lat' dir='ltr'>iis</span> <span class='ocrx_word' id='word_1_228' title='bbox 824 1653 1005 1707; x_wconf 86' lang='lat' dir='ltr'>reperiri</span> <span class='ocrx_word' id='word_1_229' title='bbox 1038 1653 1224 1707; x_wconf 75' lang='lat' dir='ltr'>Madvig</span> <span class='ocrx_word' id='word_1_230' title='bbox 1255 1668 1332 1694; x_wconf 87' lang='lat' dir='ltr'>suo</span> <span class='ocrx_word' id='word_1_231' title='bbox 1363 1654 1457 1694; x_wconf 82' lang='lat' dir='ltr'>loco</span> <span class='ocrx_word' id='word_1_232' title='bbox 1490 1653 1648 1694; x_wconf 77' lang='lat' dir='ltr'>docuit.</span> 
     </span>
    </p>

    <p class='ocr_par' dir='ltr' id='par_1_5' title="bbox 70 1724 2219 2087">
     <span class='ocr_line' id='line_1_20' title="bbox 273 1724 2219 1792; baseline 0.005 -23"><span class='ocrx_word' id='word_1_233' title='bbox 273 1724 410 1783; x_wconf 78' lang='grc' dir='ltr'>οἶμαι</span> <span class='ocrx_word' id='word_1_234' title='bbox 440 1727 483 1770; x_wconf 80' lang='grc' dir='ltr'>δὲ</span> <span class='ocrx_word' id='word_1_235' title='bbox 511 1728 584 1771; x_wconf 88' lang='grc' dir='ltr'><strong>καί</strong></span> <span class='ocrx_word' id='word_1_236' title='bbox 613 1728 711 1785; x_wconf 83' lang='grc' dir='ltr'>σφὼ,</span> <span class='ocrx_word' id='word_1_237' title='bbox 743 1730 789 1771; x_wconf 90' lang='grc' dir='ltr'>σέ</span> <span class='ocrx_word' id='word_1_238' title='bbox 815 1746 860 1772; x_wconf 92' lang='grc' dir='ltr'>τε</span> <span class='ocrx_word' id='word_1_239' title='bbox 890 1729 963 1772; x_wconf 80' lang='grc' dir='ltr'><strong>καί</strong></span> <span class='ocrx_word' id='word_1_240' title='bbox 995 1728 1214 1786; x_wconf 77' lang='grc' dir='ltr'>Σάμιππον</span> <span class='ocrx_word' id='word_1_241' title='bbox 1241 1730 1407 1783; x_wconf 75' lang='grc' dir='ltr'>τουτονὶ,</span> <span class='ocrx_word' id='word_1_242' title='bbox 1441 1731 1497 1788; x_wconf 83' lang='grc' dir='ltr'>μὴ</span> <span class='ocrx_word' id='word_1_243' title='bbox 1529 1729 1625 1774; x_wconf 83' lang='grc' dir='ltr'>κατ’</span> <span class='ocrx_word' id='word_1_244' title='bbox 1662 1729 1759 1774; x_wconf 82' lang='grc' dir='ltr'>ἄλλο</span> <span class='ocrx_word' id='word_1_245' title='bbox 1790 1748 1829 1774; x_wconf 91' lang='grc' dir='ltr'>τι</span> <span class='ocrx_word' id='word_1_246' title='bbox 1859 1732 1902 1784; x_wconf 81' lang='grc' dir='ltr'>ἐξ</span> <span class='ocrx_word' id='word_1_247' title='bbox 1934 1732 2077 1784; x_wconf 78' lang='grc' dir='ltr'>ἄστεος</span> <span class='ocrx_word' id='word_1_248' title='bbox 2106 1734 2219 1792; x_wconf 80' lang='grc' dir='ltr'>ἥκειν</span> 
     </span>
     <span class='ocr_line' id='line_1_21' title="bbox 70 1805 2218 1867; baseline 0.003 -18"><span class='ocrx_word' id='word_1_249' title='bbox 70 1806 96 1862; x_wconf 72' lang='grc' dir='ltr'><strong>ἢ</strong></span> <span class='ocrx_word' id='word_1_250' title='bbox 127 1805 345 1863; x_wconf 70' lang='grc' dir='ltr'>ὀψομένους</span> <span class='ocrx_word' id='word_1_251' title='bbox 374 1807 420 1850; x_wconf 74' lang='grc' dir='ltr'>το</span> <span class='ocrx_word' id='word_1_252' title='bbox 449 1810 582 1850; x_wconf 86' lang='grc' dir='ltr'>πλοῖον</span> <span class='ocrx_word' id='word_1_253' title='bbox 613 1810 778 1862; x_wconf 78' lang='lat' dir='ltr'>(Madv.</span> <span class='ocrx_word' id='word_1_254' title='bbox 812 1812 905 1851; x_wconf 91' lang='grc'><strong>205.</strong></span> <span class='ocrx_word' id='word_1_255' title='bbox 941 1811 995 1863; x_wconf 90' lang='grc'>1.)</span> <span class='ocrx_word' id='word_1_256' title='bbox 1033 1810 1140 1851; x_wconf 79' lang='lat' dir='ltr'>Nav.</span> <span class='ocrx_word' id='word_1_257' title='bbox 1176 1814 1210 1851; x_wconf 89' lang='lat'>1.</span> <span class='ocrx_word' id='word_1_258' title='bbox 1245 1811 1325 1851; x_wconf 90' lang='grc' dir='ltr'><strong>ΙΙΙ.</strong></span> <span class='ocrx_word' id='word_1_259' title='bbox 1359 1814 1452 1851; x_wconf 87' lang='grc'><strong>247.</strong></span> <span class='ocrx_word' id='word_1_260' title='bbox 1503 1807 1651 1861; x_wconf 75' lang='grc' dir='ltr'>αὐτοὺς</span> <span class='ocrx_word' id='word_1_261' title='bbox 1681 1810 1854 1861; x_wconf 77' lang='grc' dir='ltr'>ἐκείνους</span> <span class='ocrx_word' id='word_1_262' title='bbox 1883 1811 2003 1867; x_wconf 77' lang='grc' dir='ltr'>φασί</span> <span class='ocrx_word' id='word_1_263' title='bbox 2030 1812 2122 1865; x_wconf 75' lang='grc' dir='ltr'>τοὺς</span> <span class='ocrx_word' id='word_1_264' title='bbox 2152 1812 2218 1856; x_wconf 85' lang='grc' dir='ltr'>ἀν-</span> 
     </span>
     <span class='ocr_line' id='line_1_22' title="bbox 71 1883 2216 1947; baseline 0.004 -19"><span class='ocrx_word' id='word_1_265' title='bbox 71 1885 256 1942; x_wconf 71' lang='grc' dir='ltr'>ἳῖρώπους</span> <span class='ocrx_word' id='word_1_266' title='bbox 294 1890 464 1942; x_wconf 76' lang='grc' dir='ltr'>χρυσοῦς</span> <span class='ocrx_word' id='word_1_267' title='bbox 502 1883 622 1940; x_wconf 73' lang='grc' dir='ltr'>εἶναι,</span> <span class='ocrx_word' id='word_1_268' title='bbox 667 1888 805 1931; x_wconf 80' lang='grc' dir='ltr'>πενίαν</span> <span class='ocrx_word' id='word_1_269' title='bbox 843 1887 887 1930; x_wconf 83' lang='grc' dir='ltr'>δὲ</span> <span class='ocrx_word' id='word_1_270' title='bbox 926 1889 1031 1945; x_wconf 79' lang='grc' dir='ltr'>μηδὲ</span> <span class='ocrx_word' id='word_1_271' title='bbox 1068 1888 1114 1932; x_wconf 74' lang='grc' dir='ltr'>το</span> <span class='ocrx_word' id='word_1_272' title='bbox 1146 1888 1339 1944; x_wconf 88' lang='grc' dir='ltr'>παράπαν</span> <span class='ocrx_word' id='word_1_273' title='bbox 1370 1887 1508 1940; x_wconf 82' lang='grc' dir='ltr'>αὐτοῖς</span> <span class='ocrx_word' id='word_1_274' title='bbox 1537 1889 1770 1946; x_wconf 82' lang='grc' dir='ltr'>πλησιάζειν</span> <span class='ocrx_word' id='word_1_275' title='bbox 1799 1892 1881 1947; x_wconf 85' lang='lat' dir='ltr'>Ep.</span> <span class='ocrx_word' id='word_1_276' title='bbox 1914 1895 2003 1933; x_wconf 70' lang='lat' dir='ltr'>Sat.</span> <span class='ocrx_word' id='word_1_277' title='bbox 2036 1896 2100 1934; x_wconf 92' lang='grc'>20.</span> <span class='ocrx_word' id='word_1_278' title='bbox 2133 1895 2216 1936; x_wconf 83' lang='lat'>111.</span> 
     </span>
     <span class='ocr_line' id='line_1_23' title="bbox 71 1965 2217 2027; baseline 0.005 -21"><span class='ocrx_word' id='word_1_279' title='bbox 71 1969 165 2007; x_wconf 81' lang='grc'><strong>403.</strong></span> <span class='ocrx_word' id='word_1_280' title='bbox 225 1965 259 2008; x_wconf 85' lang='grc' dir='ltr'>εἰ</span> <span class='ocrx_word' id='word_1_281' title='bbox 295 1965 372 2022; x_wconf 80' lang='grc' dir='ltr'>γὰρ</span> <span class='ocrx_word' id='word_1_282' title='bbox 403 1970 555 2018; x_wconf 77' lang='grc' dir='ltr'>ταῦτα,</span> <span class='ocrx_word' id='word_1_283' title='bbox 594 1966 707 2023; x_wconf 78' lang='grc' dir='ltr'>φασὶ,</span> <span class='ocrx_word' id='word_1_284' title='bbox 745 1967 946 2024; x_wconf 84' lang='grc' dir='ltr'>ποιήσετε,</span> <span class='ocrx_word' id='word_1_285' title='bbox 984 1968 1089 2025; x_wconf 80' lang='grc' dir='ltr'>μηδὲ</span> <span class='ocrx_word' id='word_1_286' title='bbox 1129 1966 1392 2025; x_wconf 81' lang='grc' dir='ltr'>ἀμφισβητεῖν</span> <span class='ocrx_word' id='word_1_287' title='bbox 1429 1967 1520 2025; x_wconf 73' lang='grc' dir='ltr'>ὑμῖν</span> <span class='ocrx_word' id='word_1_288' title='bbox 1550 1970 1609 2011; x_wconf 80' lang='grc' dir='ltr'>ἔτι</span> <span class='ocrx_word' id='word_1_289' title='bbox 1638 1971 1715 2012; x_wconf 81' lang='grc' dir='ltr'>τῶν</span> <span class='ocrx_word' id='word_1_290' title='bbox 1745 1967 1914 2025; x_wconf 63' lang='grc' dir='ltr'>ἀγαῖῑῶν</span> <span class='ocrx_word' id='word_1_291' title='bbox 1943 1971 2023 2027; x_wconf 90' lang='lat' dir='ltr'>Ep.</span> <span class='ocrx_word' id='word_1_292' title='bbox 2057 1973 2146 2014; x_wconf 83' lang='lat' dir='ltr'>Sat.</span> <span class='ocrx_word' id='word_1_293' title='bbox 2179 1976 2217 2016; x_wconf 79' lang='lat'>3.</span> 
     </span>
     <span class='ocr_line' id='line_1_24' title="bbox 71 2045 472 2087; baseline 0.005 -2"><span class='ocrx_word' id='word_1_294' title='bbox 71 2047 137 2085; x_wconf 77' lang='lat'>31.</span> <span class='ocrx_word' id='word_1_295' title='bbox 168 2045 252 2086; x_wconf 84' lang='lat' dir='ltr'>III.</span> <span class='ocrx_word' id='word_1_296' title='bbox 275 2049 369 2086; x_wconf 81' lang='lat'>411.</span> <span class='ocrx_word' id='word_1_297' title='bbox 394 2055 472 2087; x_wconf 83' lang='lat' dir='ltr'>etc.</span> 
     </span>
    </p>

    <p class='ocr_par' dir='ltr' id='par_1_6' title="bbox 70 2125 2217 2338">
     <span class='ocr_line' id='line_1_25' title="bbox 271 2125 2217 2185; baseline 0.003 -19"><span class='ocrx_word' id='word_1_298' title='bbox 271 2125 359 2166; x_wconf 77' lang='lat' dir='ltr'>Sed</span> <span class='ocrx_word' id='word_1_299' title='bbox 391 2127 589 2179; x_wconf 80' lang='lat' dir='ltr'>quamvis</span> <span class='ocrx_word' id='word_1_300' title='bbox 620 2125 675 2182; x_wconf 89' lang='grc' dir='ltr'>μή</span> <span class='ocrx_word' id='word_1_301' title='bbox 709 2127 931 2168; x_wconf 80' lang='lat' dir='ltr'>Lucianus</span> <span class='ocrx_word' id='word_1_302' title='bbox 964 2129 1003 2168; x_wconf 86' lang='lat' dir='ltr'>in</span> <span class='ocrx_word' id='word_1_303' title='bbox 1036 2129 1103 2177; x_wconf 88' lang='lat' dir='ltr'>iis,</span> <span class='ocrx_word' id='word_1_304' title='bbox 1136 2144 1248 2182; x_wconf 85' lang='lat' dir='ltr'>quae</span> <span class='ocrx_word' id='word_1_305' title='bbox 1280 2128 1683 2178; x_wconf 61' lang='lat' dir='ltr'>demonstravitum,</span> <span class='ocrx_word' id='word_1_306' title='bbox 1708 2131 1948 2170; x_wconf 76' lang='lat' dir='ltr'>enunciatis</span> <span class='ocrx_word' id='word_1_307' title='bbox 1970 2131 2217 2185; x_wconf 84' lang='lat' dir='ltr'>frequenta-</span> 
     </span>
     <span class='ocr_line' id='line_1_26' title="bbox 72 2205 2217 2263; baseline 0.003 -20"><span class='ocrx_word' id='word_1_308' title='bbox 72 2205 210 2253; x_wconf 50' lang='lat' dir='ltr'>verit„</span> <span class='ocrx_word' id='word_1_309' title='bbox 233 2219 285 2244; x_wconf 86' lang='lat' dir='ltr'>ne</span> <span class='ocrx_word' id='word_1_310' title='bbox 324 2213 463 2245; x_wconf 84' lang='lat' dir='ltr'>tamen</span> <span class='ocrx_word' id='word_1_311' title='bbox 503 2206 741 2246; x_wconf 80' lang='lat' dir='ltr'>credideris</span> <span class='ocrx_word' id='word_1_312' title='bbox 773 2207 1107 2261; x_wconf 77' lang='lat' dir='ltr'>diligentissime</span> <span class='ocrx_word' id='word_1_313' title='bbox 1139 2216 1267 2261; x_wconf 83' lang='lat' dir='ltr'>atque</span> <span class='ocrx_word' id='word_1_314' title='bbox 1305 2215 1549 2248; x_wconf 76' lang='lat' dir='ltr'>constanter</span> <span class='ocrx_word' id='word_1_315' title='bbox 1581 2223 1677 2248; x_wconf 84' lang='lat' dir='ltr'>eum</span> <span class='ocrx_word' id='word_1_316' title='bbox 1710 2209 1820 2249; x_wconf 84' lang='lat' dir='ltr'>hanc</span> <span class='ocrx_word' id='word_1_317' title='bbox 1852 2209 1993 2263; x_wconf 80' lang='lat' dir='ltr'>legem</span> <span class='ocrx_word' id='word_1_318' title='bbox 2027 2212 2217 2251; x_wconf 79' lang='lat' dir='ltr'>tenuisse</span> 
     </span>
     <span class='ocr_line' id='line_1_27' title="bbox 70 2267 1413 2338; baseline 0.004 -16"><span class='ocrx_word' id='word_1_319' title='bbox 70 2297 210 2336; x_wconf 83' lang='lat' dir='ltr'>neque</span> <span class='ocrx_word' id='word_1_320' title='bbox 239 2279 283 2325; x_wconf 75' lang='grc' dir='ltr'>οὗ</span> <span class='ocrx_word' id='word_1_321' title='bbox 314 2284 356 2324; x_wconf 88' lang='lat' dir='ltr'>in</span> <span class='ocrx_word' id='word_1_322' title='bbox 388 2285 440 2324; x_wconf 84' lang='lat' dir='ltr'>iis</span> <span class='ocrx_word' id='word_1_323' title='bbox 471 2267 661 2338; x_wconf 50' lang='lat' dir='ltr'>und-uam</span> <span class='ocrx_word' id='word_1_324' title='bbox 694 2286 933 2327; x_wconf 82' lang='lat' dir='ltr'>admisisse.</span> <span class='ocrx_word' id='word_1_325' title='bbox 993 2286 1116 2327; x_wconf 80' lang='lat' dir='ltr'>Haec</span> <span class='ocrx_word' id='word_1_326' title='bbox 1147 2288 1260 2327; x_wconf 87' lang='lat' dir='ltr'>euim</span> <span class='ocrx_word' id='word_1_327' title='bbox 1292 2287 1413 2327; x_wconf 85' lang='lat' dir='ltr'>vide:</span> 
     </span>
    </p>

    <p class='ocr_par' dir='ltr' id='par_1_7' title="bbox 69 2361 2216 2580">
     <span class='ocr_line' id='line_1_28' title="bbox 272 2361 2216 2420; baseline 0.004 -19"><span class='ocrx_word' id='word_1_328' title='bbox 272 2361 314 2414; x_wconf 87' lang='lat'>1)</span> <span class='ocrx_word' id='word_1_329' title='bbox 350 2363 411 2403; x_wconf 80' lang='lat' dir='ltr'>ad</span> <span class='ocrx_word' id='word_1_330' title='bbox 437 2364 769 2417; x_wconf 71' lang='lat' dir='ltr'>participium:</span> <span class='ocrx_word' id='word_1_331' title='bbox 801 2367 975 2407; x_wconf 74' lang='grc' dir='ltr'>τοιαῦτα</span> <span class='ocrx_word' id='word_1_332' title='bbox 1004 2367 1168 2420; x_wconf 77' lang='grc' dir='ltr'>ληροῦσι</span> <span class='ocrx_word' id='word_1_333' title='bbox 1195 2364 1250 2407; x_wconf 84' lang='grc' dir='ltr'>τὰ</span> <span class='ocrx_word' id='word_1_334' title='bbox 1280 2363 1351 2420; x_wconf 78' lang='grc' dir='ltr'>μὲν</span> <span class='ocrx_word' id='word_1_335' title='bbox 1382 2362 1584 2420; x_wconf 77' lang='grc' dir='ltr'>ἀξιόρατα</span> <span class='ocrx_word' id='word_1_336' title='bbox 1614 2363 1705 2408; x_wconf 73' lang='grc' dir='ltr'>οὔτε</span> <span class='ocrx_word' id='word_1_337' title='bbox 1736 2363 1902 2420; x_wconf 75' lang='grc' dir='ltr'>δρῶντες</span> <span class='ocrx_word' id='word_1_338' title='bbox 1933 2364 2036 2419; x_wconf 72' lang='grc' dir='ltr'>οὔτ’,</span> <span class='ocrx_word' id='word_1_339' title='bbox 2068 2366 2102 2409; x_wconf 84' lang='grc' dir='ltr'>εἰ</span> <span class='ocrx_word' id='word_1_340' title='bbox 2132 2369 2216 2420; x_wconf 83' lang='grc' dir='ltr'>βλέ-</span> 
     </span>
     <span class='ocr_line' id='line_1_29' title="bbox 69 2437 2216 2499; baseline 0.004 -19"><span class='ocrx_word' id='word_1_341' title='bbox 69 2454 192 2490; x_wconf 85' lang='grc' dir='ltr'>ποιεν,</span> <span class='ocrx_word' id='word_1_342' title='bbox 221 2437 314 2482; x_wconf 82' lang='grc' dir='ltr'>κατ’</span> <span class='ocrx_word' id='word_1_343' title='bbox 355 2438 473 2492; x_wconf 78' lang='grc' dir='ltr'>ἀξίαν</span> <span class='ocrx_word' id='word_1_344' title='bbox 504 2441 624 2484; x_wconf 82' lang='grc' dir='ltr'>εἰπεῖν</span> <span class='ocrx_word' id='word_1_345' title='bbox 655 2441 864 2498; x_wconf 90' lang='grc' dir='ltr'>δυνάμενοι</span> <span class='ocrx_word' id='word_1_346' title='bbox 894 2445 964 2485; x_wconf 90' lang='lat' dir='ltr'>De</span> <span class='ocrx_word' id='word_1_347' title='bbox 988 2445 1083 2485; x_wconf 87' lang='lat' dir='ltr'>hist.</span> <span class='ocrx_word' id='word_1_348' title='bbox 1107 2461 1271 2486; x_wconf 80' lang='lat' dir='ltr'>consor.</span> <span class='ocrx_word' id='word_1_349' title='bbox 1293 2447 1359 2486; x_wconf 84' lang='grc'>32.</span> <span class='ocrx_word' id='word_1_350' title='bbox 1411 2442 1698 2499; x_wconf 52' lang='grc' dir='ltr'>ε’ῗαυμάζομεν</span> <span class='ocrx_word' id='word_1_351' title='bbox 1729 2437 1794 2487; x_wconf 76' lang='grc' dir='ltr'>οὖν</span> <span class='ocrx_word' id='word_1_352' title='bbox 1823 2443 1973 2495; x_wconf 83' lang='grc' dir='ltr'>ἰδόντες</span> <span class='ocrx_word' id='word_1_353' title='bbox 2002 2443 2045 2488; x_wconf 83' lang='grc' dir='ltr'>ού</span> <span class='ocrx_word' id='word_1_354' title='bbox 2077 2450 2216 2499; x_wconf 87' lang='grc' dir='ltr'>βαπτι-</span> 
     </span>
     <span class='ocr_line' id='line_1_30' title="bbox 69 2519 2214 2580; baseline 0.004 -21"><span class='ocrx_word' id='word_1_355' title='bbox 69 2519 253 2572; x_wconf 79' lang='grc' dir='ltr'>ζομένους</span> <span class='ocrx_word' id='word_1_356' title='bbox 284 2519 334 2561; x_wconf 90' lang='lat' dir='ltr'>V.</span> <span class='ocrx_word' id='word_1_357' title='bbox 366 2520 479 2561; x_wconf 87' lang='lat' dir='ltr'>Hist.</span> <span class='ocrx_word' id='word_1_358' title='bbox 513 2522 560 2562; x_wconf 73' lang='lat'>13.</span> <span class='ocrx_word' id='word_1_359' title='bbox 593 2525 630 2562; x_wconf 89' lang='lat'>4.</span> <span class='ocrx_word' id='word_1_360' title='bbox 663 2522 720 2562; x_wconf 91' lang='lat' dir='ltr'>II.</span> <span class='ocrx_word' id='word_1_361' title='bbox 756 2526 846 2563; x_wconf 87' lang='grc'><strong>107.</strong></span> <span class='ocrx_word' id='word_1_362' title='bbox 907 2522 992 2565; x_wconf 77' lang='grc' dir='ltr'>ἐπεὶ</span> <span class='ocrx_word' id='word_1_363' title='bbox 1022 2524 1179 2579; x_wconf 64' lang='grc' dir='ltr'>ἕμαὲῑεν</span> <span class='ocrx_word' id='word_1_364' title='bbox 1209 2521 1344 2566; x_wconf 75' lang='grc' dir='ltr'>οὐκέτι</span> <span class='ocrx_word' id='word_1_365' title='bbox 1374 2524 1506 2580; x_wconf 74' lang='grc' dir='ltr'>ἑαυτῷ</span> <span class='ocrx_word' id='word_1_366' title='bbox 1538 2526 1708 2579; x_wconf 82' lang='grc' dir='ltr'>διαρκῶν</span> <span class='ocrx_word' id='word_1_367' title='bbox 1746 2526 1929 2566; x_wconf 87' lang='lat' dir='ltr'>Demon.</span> <span class='ocrx_word' id='word_1_368' title='bbox 1961 2528 1998 2565; x_wconf 87' lang='lat'>4.</span> <span class='ocrx_word' id='word_1_369' title='bbox 2035 2526 2088 2566; x_wconf 86' lang='lat'>11.</span> <span class='ocrx_word' id='word_1_370' title='bbox 2121 2530 2214 2568; x_wconf 77' lang='lat'>377.</span> 
     </span>
    </p>

    <p class='ocr_par' dir='ltr' id='par_1_8' title="bbox 66 2597 2218 3115">
     <span class='ocr_line' id='line_1_31' title="bbox 270 2597 2218 2659; baseline 0.004 -20"><span class='ocrx_word' id='word_1_371' title='bbox 270 2597 321 2648; x_wconf 79' lang='lat'>2)</span> <span class='ocrx_word' id='word_1_372' title='bbox 371 2605 414 2646; x_wconf 85' lang='lat' dir='ltr'>a)</span> <span class='ocrx_word' id='word_1_373' title='bbox 453 2601 501 2641; x_wconf 89' lang='lat' dir='ltr'>in</span> <span class='ocrx_word' id='word_1_374' title='bbox 541 2603 826 2643; x_wconf 85' lang='lat' dir='ltr'>sententiis</span> <span class='ocrx_word' id='word_1_375' title='bbox 870 2603 1218 2645; x_wconf 83' lang='lat' dir='ltr'>declarativis</span> <span class='ocrx_word' id='word_1_376' title='bbox 1259 2620 1366 2645; x_wconf 82' lang='lat' dir='ltr'>eum</span> <span class='ocrx_word' id='word_1_377' title='bbox 1399 2601 1492 2646; x_wconf 68' lang='grc' dir='ltr'>ὅτις</span> <span class='ocrx_word' id='word_1_378' title='bbox 1538 2601 1738 2659; x_wconf 77' lang='grc' dir='ltr'>ἠκούομεν</span> <span class='ocrx_word' id='word_1_379' title='bbox 1767 2602 1855 2659; x_wconf 79' lang='grc' dir='ltr'>περὶ</span> <span class='ocrx_word' id='word_1_380' title='bbox 1882 2603 2125 2658; x_wconf 83' lang='grc' dir='ltr'>Χρυσίππου,</span> <span class='ocrx_word' id='word_1_381' title='bbox 2156 2603 2218 2647; x_wconf 73' lang='grc' dir='ltr'>ὅτι</span> 
     </span>
     <span class='ocr_line' id='line_1_32' title="bbox 69 2674 2216 2738; baseline 0.004 -19"><span class='ocrx_word' id='word_1_382' title='bbox 69 2674 112 2719; x_wconf 79' lang='grc' dir='ltr'>οὐ</span> <span class='ocrx_word' id='word_1_383' title='bbox 149 2674 335 2732; x_wconf 84' lang='grc' dir='ltr'>πρότερον</span> <span class='ocrx_word' id='word_1_384' title='bbox 373 2675 482 2736; x_wconf 78' lang='grc' dir='ltr'>αὐτῷ</span> <span class='ocrx_word' id='word_1_385' title='bbox 520 2679 704 2735; x_wconf 77' lang='grc' dir='ltr'>ἐπιβῆναι</span> <span class='ocrx_word' id='word_1_386' title='bbox 741 2682 817 2736; x_wconf 77' lang='grc' dir='ltr'>τῆς</span> <span class='ocrx_word' id='word_1_387' title='bbox 852 2680 972 2738; x_wconf 86' lang='grc' dir='ltr'>νήσου</span> <span class='ocrx_word' id='word_1_388' title='bbox 1006 2683 1128 2738; x_wconf 62' lang='grc' dir='ltr'>ἳῖέμις</span> <span class='ocrx_word' id='word_1_389' title='bbox 1165 2683 1216 2725; x_wconf 90' lang='lat' dir='ltr'>V.</span> <span class='ocrx_word' id='word_1_390' title='bbox 1248 2683 1361 2724; x_wconf 89' lang='lat' dir='ltr'>Hist.</span> <span class='ocrx_word' id='word_1_391' title='bbox 1394 2684 1442 2724; x_wconf 86' lang='grc' dir='ltr'>Β.</span> <span class='ocrx_word' id='word_1_392' title='bbox 1477 2686 1538 2724; x_wconf 88' lang='grc'><strong>18.</strong></span> <span class='ocrx_word' id='word_1_393' title='bbox 1571 2684 1629 2724; x_wconf 87' lang='grc' dir='ltr'>ΙΙ.</span> <span class='ocrx_word' id='word_1_394' title='bbox 1665 2686 1754 2724; x_wconf 87' lang='grc'><strong>115.</strong></span> <span class='ocrx_word' id='word_1_395' title='bbox 1810 2681 1874 2725; x_wconf 74' lang='grc' dir='ltr'>’ότι</span> <span class='ocrx_word' id='word_1_396' title='bbox 1911 2682 1983 2738; x_wconf 81' lang='grc' dir='ltr'>μὲν</span> <span class='ocrx_word' id='word_1_397' title='bbox 2017 2681 2095 2738; x_wconf 80' lang='grc' dir='ltr'>γὰρ</span> <span class='ocrx_word' id='word_1_398' title='bbox 2126 2682 2216 2727; x_wconf 71' lang='grc' dir='ltr'>οὐδὲ</span> 
     </span>
     <span class='ocr_line' id='line_1_33' title="bbox 70 2748 2218 2819; baseline 0.003 -22"><span class='ocrx_word' id='word_1_399' title='bbox 70 2755 214 2810; x_wconf 73' lang='grc' dir='ltr'>τυφλὸς</span> <span class='ocrx_word' id='word_1_400' title='bbox 242 2748 305 2812; x_wconf 78' lang='grc' dir='ltr'>ἦν,</span> <span class='ocrx_word' id='word_1_401' title='bbox 336 2754 488 2799; x_wconf 74' lang='grc' dir='ltr'>αὐτίκα</span> <span class='ocrx_word' id='word_1_402' title='bbox 518 2758 822 2816; x_wconf 87' lang='grc' dir='ltr'>συνηπιστάμην</span> <span class='ocrx_word' id='word_1_403' title='bbox 854 2761 902 2803; x_wconf 87' lang='lat' dir='ltr'>V.</span> <span class='ocrx_word' id='word_1_404' title='bbox 935 2762 1048 2803; x_wconf 88' lang='lat' dir='ltr'>Hist.</span> <span class='ocrx_word' id='word_1_405' title='bbox 1071 2763 1119 2804; x_wconf 84' lang='grc' dir='ltr'>Β.</span> <span class='ocrx_word' id='word_1_406' title='bbox 1144 2765 1208 2804; x_wconf 90' lang='grc'>20.</span> <span class='ocrx_word' id='word_1_407' title='bbox 1232 2763 1290 2803; x_wconf 87' lang='lat'>11.</span> <span class='ocrx_word' id='word_1_408' title='bbox 1318 2766 1407 2803; x_wconf 90' lang='grc'><strong>118.</strong></span> <span class='ocrx_word' id='word_1_409' title='bbox 1459 2762 1510 2802; x_wconf 83' lang='grc' dir='ltr'>ἐῶ</span> <span class='ocrx_word' id='word_1_410' title='bbox 1540 2763 1679 2816; x_wconf 89' lang='grc' dir='ltr'>λέγειν,</span> <span class='ocrx_word' id='word_1_411' title='bbox 1712 2760 1775 2804; x_wconf 78' lang='grc' dir='ltr'>ὅτι</span> <span class='ocrx_word' id='word_1_412' title='bbox 1804 2759 1968 2819; x_wconf 81' lang='grc' dir='ltr'>τελετὴν</span> <span class='ocrx_word' id='word_1_413' title='bbox 1999 2759 2090 2805; x_wconf 81' lang='grc' dir='ltr'>οὐδὲ</span> <span class='ocrx_word' id='word_1_414' title='bbox 2121 2763 2218 2818; x_wconf 91' lang='grc' dir='ltr'>μίαν</span> 
     </span>
     <span class='ocr_line' id='line_1_34' title="bbox 69 2833 2216 2897; baseline 0.003 -20"><span class='ocrx_word' id='word_1_415' title='bbox 69 2833 246 2890; x_wconf 80' lang='grc' dir='ltr'>ἀρχαίαν</span> <span class='ocrx_word' id='word_1_416' title='bbox 274 2836 379 2879; x_wconf 81' lang='grc' dir='ltr'>ἔστιν</span> <span class='ocrx_word' id='word_1_417' title='bbox 409 2834 531 2892; x_wconf 75' lang='grc' dir='ltr'>εὑρεῖν</span> <span class='ocrx_word' id='word_1_418' title='bbox 564 2840 611 2879; x_wconf 78' lang='lat' dir='ltr'>ne</span> <span class='ocrx_word' id='word_1_419' title='bbox 642 2841 730 2879; x_wconf 74' lang='lat' dir='ltr'>salt.</span> <span class='ocrx_word' id='word_1_420' title='bbox 766 2842 829 2880; x_wconf 83' lang='lat'>15.</span> <span class='ocrx_word' id='word_1_421' title='bbox 853 2840 911 2881; x_wconf 88' lang='grc' dir='ltr'>ΙΙ.</span> <span class='ocrx_word' id='word_1_422' title='bbox 935 2842 1028 2882; x_wconf 78' lang='grc'><strong>277.</strong></span> <span class='ocrx_word' id='word_1_423' title='bbox 1089 2858 1198 2883; x_wconf 84' lang='lat' dir='ltr'>eum</span> <span class='ocrx_word' id='word_1_424' title='bbox 1231 2839 1308 2891; x_wconf 75' lang='grc' dir='ltr'>ὡςε</span> <span class='ocrx_word' id='word_1_425' title='bbox 1351 2837 1469 2891; x_wconf 79' lang='grc' dir='ltr'>ἐκτὸς</span> <span class='ocrx_word' id='word_1_426' title='bbox 1498 2840 1532 2882; x_wconf 87' lang='grc' dir='ltr'>εἰ</span> <span class='ocrx_word' id='word_1_427' title='bbox 1562 2839 1618 2897; x_wconf 81' lang='grc' dir='ltr'>μὴ</span> <span class='ocrx_word' id='word_1_428' title='bbox 1648 2842 1765 2883; x_wconf 78' lang='grc' dir='ltr'>τοῦτο</span> <span class='ocrx_word' id='word_1_429' title='bbox 1796 2838 1887 2897; x_wconf 75' lang='grc' dir='ltr'>φης,</span> <span class='ocrx_word' id='word_1_430' title='bbox 1919 2838 1972 2891; x_wconf 86' lang='grc' dir='ltr'>ὦς</span> <span class='ocrx_word' id='word_1_431' title='bbox 2000 2839 2044 2884; x_wconf 75' lang='grc' dir='ltr'>οὗ</span> <span class='ocrx_word' id='word_1_432' title='bbox 2075 2840 2216 2897; x_wconf 85' lang='grc' dir='ltr'>τύραν-</span> 
     </span>
     <span class='ocr_line' id='line_1_35' title="bbox 66 2909 2215 2977; baseline 0.004 -23"><span class='ocrx_word' id='word_1_433' title='bbox 66 2929 132 2963; x_wconf 82' lang='grc' dir='ltr'>νος</span> <span class='ocrx_word' id='word_1_434' title='bbox 162 2912 180 2955; x_wconf 81' lang='grc' dir='ltr'>ὃ</span> <span class='ocrx_word' id='word_1_435' title='bbox 211 2913 385 2964; x_wconf 65' lang='grc' dir='ltr'>τεῖῑνεὼς</span> <span class='ocrx_word' id='word_1_436' title='bbox 414 2909 462 2971; x_wconf 84' lang='grc' dir='ltr'>ἦν</span> <span class='ocrx_word' id='word_1_437' title='bbox 492 2913 582 2958; x_wconf 76' lang='grc' dir='ltr'>οὐδὲ</span> <span class='ocrx_word' id='word_1_438' title='bbox 610 2916 764 2974; x_wconf 85' lang='grc' dir='ltr'>ταύτην</span> <span class='ocrx_word' id='word_1_439' title='bbox 794 2914 876 2973; x_wconf 81' lang='grc' dir='ltr'>εἷχε</span> <span class='ocrx_word' id='word_1_440' title='bbox 906 2917 980 2975; x_wconf 77' lang='grc' dir='ltr'>τὴν</span> <span class='ocrx_word' id='word_1_441' title='bbox 1009 2921 1259 2977; x_wconf 88' lang='grc' dir='ltr'>κατηγορίαν</span> <span class='ocrx_word' id='word_1_442' title='bbox 1290 2918 1380 2962; x_wconf 73' lang='grc' dir='ltr'>οὐδὲ</span> <span class='ocrx_word' id='word_1_443' title='bbox 1410 2917 1562 2975; x_wconf 86' lang='grc' dir='ltr'>δωρεὰς</span> <span class='ocrx_word' id='word_1_444' title='bbox 1599 2918 1664 2962; x_wconf 83' lang='grc' dir='ltr'>ἐπ’</span> <span class='ocrx_word' id='word_1_445' title='bbox 1701 2917 1811 2977; x_wconf 76' lang='grc' dir='ltr'>αὐτῷ</span> <span class='ocrx_word' id='word_1_446' title='bbox 1849 2917 2013 2973; x_wconf 82' lang='grc' dir='ltr'>πολλὰς,</span> <span class='ocrx_word' id='word_1_447' title='bbox 2052 2920 2086 2962; x_wconf 84' lang='grc' dir='ltr'>εἰ</span> <span class='ocrx_word' id='word_1_448' title='bbox 2117 2918 2215 2963; x_wconf 84' lang='grc' dir='ltr'>ἀπο-</span> 
     </span>
     <span class='ocr_line' id='line_1_36' title="bbox 67 2991 2217 3056; baseline 0.004 -21"><span class='ocrx_word' id='word_1_449' title='bbox 67 2992 202 3044; x_wconf 54' lang='grc' dir='ltr'>ἳάνοι,</span> <span class='ocrx_word' id='word_1_450' title='bbox 231 2991 360 3049; x_wconf 81' lang='grc' dir='ltr'>ἡδέως</span> <span class='ocrx_word' id='word_1_451' title='bbox 387 2992 436 3037; x_wconf 79' lang='grc' dir='ltr'>ἂν</span> <span class='ocrx_word' id='word_1_452' title='bbox 467 2991 580 3049; x_wconf 80' lang='grc' dir='ltr'>ὑμεῖς</span> <span class='ocrx_word' id='word_1_453' title='bbox 609 2995 790 3039; x_wconf 86' lang='grc' dir='ltr'>ἐδώκατε</span> <span class='ocrx_word' id='word_1_454' title='bbox 821 2998 1053 3054; x_wconf 80' lang='lat' dir='ltr'>Tyrannio.</span> <span class='ocrx_word' id='word_1_455' title='bbox 1090 3003 1151 3042; x_wconf 84' lang='lat'>13.</span> <span class='ocrx_word' id='word_1_456' title='bbox 1183 3001 1241 3042; x_wconf 89' lang='grc' dir='ltr'>ΙΙ.</span> <span class='ocrx_word' id='word_1_457' title='bbox 1278 3003 1368 3041; x_wconf 85' lang='grc'><strong>150.</strong></span> <span class='ocrx_word' id='word_1_458' title='bbox 1427 2998 1477 3056; x_wconf 77' lang='grc' dir='ltr'>ἦν</span> <span class='ocrx_word' id='word_1_459' title='bbox 1514 2998 1705 3055; x_wconf 80' lang='grc' dir='ltr'>ἐπιδείξῃ,</span> <span class='ocrx_word' id='word_1_460' title='bbox 1738 2996 1790 3050; x_wconf 82' lang='grc' dir='ltr'>ὡς</span> <span class='ocrx_word' id='word_1_461' title='bbox 1820 2997 1933 3042; x_wconf 80' lang='grc' dir='ltr'>οὐδὲν</span> <span class='ocrx_word' id='word_1_462' title='bbox 1961 3000 2101 3055; x_wconf 88' lang='grc' dir='ltr'>χείρων</span> <span class='ocrx_word' id='word_1_463' title='bbox 2131 3001 2217 3043; x_wconf 82' lang='grc' dir='ltr'>ἐστί</span> 
     </span>
     <span class='ocr_line' id='line_1_37' title="bbox 68 3073 493 3115; baseline 0.005 -2"><span class='ocrx_word' id='word_1_464' title='bbox 68 3073 177 3113; x_wconf 82' lang='lat' dir='ltr'>Eun.</span> <span class='ocrx_word' id='word_1_465' title='bbox 214 3075 276 3114; x_wconf 82' lang='lat'>13.</span> <span class='ocrx_word' id='word_1_466' title='bbox 310 3073 366 3114; x_wconf 84' lang='lat' dir='ltr'>II.</span> <span class='ocrx_word' id='word_1_467' title='bbox 399 3077 493 3115; x_wconf 83' lang='lat'>359.</span> 
     </span>
    </p>

    <p class='ocr_par' dir='ltr' id='par_1_9' title="bbox 68 3151 2217 3287">
     <span class='ocr_line' id='line_1_38' title="bbox 268 3151 2217 3216; baseline 0.005 -24"><span class='ocrx_word' id='word_1_468' title='bbox 268 3153 313 3200; x_wconf 78' lang='lat' dir='ltr'>b)</span> <span class='ocrx_word' id='word_1_469' title='bbox 359 3154 407 3193; x_wconf 86' lang='lat' dir='ltr'>in</span> <span class='ocrx_word' id='word_1_470' title='bbox 447 3158 728 3197; x_wconf 83' lang='lat' dir='ltr'>sententiis</span> <span class='ocrx_word' id='word_1_471' title='bbox 761 3159 1071 3200; x_wconf 78' lang='lat' dir='ltr'>causalibus</span> <span class='ocrx_word' id='word_1_472' title='bbox 1104 3175 1215 3200; x_wconf 86' lang='lat' dir='ltr'>cum</span> <span class='ocrx_word' id='word_1_473' title='bbox 1247 3157 1373 3200; x_wconf 73' lang='grc' dir='ltr'>ἐπείε</span> <span class='ocrx_word' id='word_1_474' title='bbox 1419 3151 1461 3201; x_wconf 74' lang='grc' dir='ltr'>εὖ</span> <span class='ocrx_word' id='word_1_475' title='bbox 1497 3174 1544 3213; x_wconf 82' lang='grc' dir='ltr'>γε</span> <span class='ocrx_word' id='word_1_476' title='bbox 1582 3157 1742 3215; x_wconf 82' lang='grc' dir='ltr'>ἐποίησε</span> <span class='ocrx_word' id='word_1_477' title='bbox 1772 3157 1829 3216; x_wconf 79' lang='grc' dir='ltr'>μὴ</span> <span class='ocrx_word' id='word_1_478' title='bbox 1861 3156 1986 3214; x_wconf 78' lang='grc' dir='ltr'>ὃμόσε</span> <span class='ocrx_word' id='word_1_479' title='bbox 2014 3158 2217 3216; x_wconf 79' lang='grc' dir='ltr'>χωρήσας,</span> 
     </span>
     <span class='ocr_line' id='line_1_39' title="bbox 68 3228 1232 3287; baseline 0.008 -17"><span class='ocrx_word' id='word_1_480' title='bbox 68 3228 152 3271; x_wconf 76' lang='grc' dir='ltr'>ἐπεὶ</span> <span class='ocrx_word' id='word_1_481' title='bbox 182 3228 256 3272; x_wconf 79' lang='grc' dir='ltr'>οὐκ</span> <span class='ocrx_word' id='word_1_482' title='bbox 286 3229 336 3272; x_wconf 77' lang='grc' dir='ltr'>ἂν</span> <span class='ocrx_word' id='word_1_483' title='bbox 366 3230 524 3287; x_wconf 82' lang='grc' dir='ltr'>εἴχομεν</span> <span class='ocrx_word' id='word_1_484' title='bbox 550 3234 619 3275; x_wconf 92' lang='lat' dir='ltr'>De</span> <span class='ocrx_word' id='word_1_485' title='bbox 653 3236 747 3276; x_wconf 64' lang='lat' dir='ltr'>hist.</span> <span class='ocrx_word' id='word_1_486' title='bbox 782 3252 944 3277; x_wconf 71' lang='lat' dir='ltr'>eonser.</span> <span class='ocrx_word' id='word_1_487' title='bbox 979 3241 1043 3278; x_wconf 77' lang='grc'>29.</span> <span class='ocrx_word' id='word_1_488' title='bbox 1077 3238 1134 3279; x_wconf 84' lang='grc' dir='ltr'>ΙΙ.</span> <span class='ocrx_word' id='word_1_489' title='bbox 1167 3242 1232 3278; x_wconf 87' lang='grc'>40.</span> 
     </span>
    </p>

    <p class='ocr_par' dir='ltr' id='par_1_10' title="bbox 1868 3322 1914 3358">
     <span class='ocr_line' id='line_1_40' title="bbox 1868 3322 1914 3358; baseline 0 0"><span class='ocrx_word' id='word_1_490' title='bbox 1868 3322 1914 3358; x_wconf 83' lang='grc'>11</span> 
     </span>
    </p>
   </div>
  </div>
 </body>
</html>
