2456 3501
1108 142 1195 191 '49

84 319 150 350 ea&
170 305 355 351 neutra
385 300 815 349 adverbiorum=1c300
847 320 900 347 an
932 305 1297 347 substantivorum
1330 321 1426 347 cum
1456 306 1602 357 verbo,
1634 306 1749 360 quod
1779 308 1964 362 positum
1990 317 2067 357 est,
2090 322 2218 362 syno-

83 386 636 443 nymicorumaccipienda
667 387 764 436 sint,
795 393 843 426 ut
872 386 917 426 in
949 384 1028 426 hoc
1060 385 1281 440 exemplo:
1317 382 1407 439 ὅρα,
1444 382 1550 434 ὅπως
1580 383 1750 440 διδάξῃς
1779 381 1872 435 τοὺς
1901 381 2137 438 ἀκούοντας,
2168 381 2221 435 ὥς

85 462 376 522 ἀπηντήκαμεν
412 463 511 506 ἴδιόν
549 479 588 506 τι
626 461 864 519 ἀμυνόμενοι
893 461 968 504 καὶ
995 461 1056 505 τὰ
1085 461 1230 505 κοινὰ
1259 466 1464 518 μισοῦντες
1495 461 1561 506 τὸν
1592 462 1803 519 ἅνῖἲρωπον
1833 464 2036 512 Pseudol.
2057 451 2105 506 ν41..
2137 465 2220 506 III.

85 547 177 586 165.
235 544 368 585 Estne
410 542 465 585 τὰ
494 541 612 585 κοινά
659 558 735 598 pro
774 544 915 591 κοινῶς
956 544 1142 597 positum
1175 558 1228 583 an
1258 558 1335 598 pro
1365 542 1494 584 κοινὸν
1524 545 1665 597 μῖσοςῖ)
1707 542 1830 583 Conf.
1863 543 1915 583 de
1947 544 2012 584 his
2044 544 2221 597 adjecti-

84 639 234 665 vorum
263 625 439 672 neutris,
471 637 581 676 quae
613 637 690 677 pro
723 622 1001 662 substantivis
1033 623 1326 676 synonymicis
1357 624 1498 678 posita
1529 630 1638 672 sunt,
1662 623 1802 676 Kr'ug.
1823 624 1890 662 46.
1914 624 1950 663 5.
1974 625 2012 663 4.
2072 624 2217 677 Atque

83 702 326 743 Lucianum
358 702 482 755 hujus
515 702 688 755 quidem
713 701 905 749 rationis,
930 708 1093 749 neutra,
1126 715 1236 754 quae
1268 701 1630 742 substantivorum
1665 703 2039 756 synonymicorum
2064 703 2220 745 habent

83 782 195 830 vim,
216 781 359 821 verbis
384 780 597 834 jungendi
629 780 790 834 pariter
821 787 949 832 atque
982 765 1182 832 antiquos
1214 780 1451 821 studiosum
1483 781 1619 821 fuisse
1651 780 1731 830 his,
1782 795 1891 834 quae
1923 781 2112 832 afferam,
2146 798 2214 823 ex—

83 860 237 914 emplis
281 859 410 899 facile
441 860 752 914 comprobabo:
796 854 822 913 ἡ
857 856 902 899 δέ
928 873 974 912 γε
1005 855 1166 913 σώφρων
1203 857 1313 899 οἰκία
1342 860 1475 915 χρυσῷ
1503 856 1580 913 μὲν,
1603 857 1658 900 τὰ
1688 856 1891 914 ἀρκοῦντα
1919 859 1992 902 καί
2022 858 2138 915 μόνον
2167 861 2222 903 τὰ

83 934 293 992 ἀναγκαῖοι
323 940 567 993 προςχρῆται
598 938 665 978 De
700 937 822 980 Dom.
847 940 885 977 7.
917 937 999 977 111.
1024 940 1116 978 194.
1166 936 1207 978 τί
1235 937 1363 979 τοίνυν
1393 938 1491 992 ἔχων
1521 938 1704 992 ἐγκαλεῖν
1732 937 1903 981 τοιαῦτά
1933 955 1982 994 με
2012 939 2223 996 διατίὶἴης,

82 1017 284 1058 Pseudol.
308 1019 382 1057 25.
415 1017 497 1058 111.
531 1019 734 1058 181--82,
793 1012 837 1058 οὐ
874 1012 952 1071 γὰρ
988 1014 1096 1058 ὅσιον
1136 1015 1199 1058 ἐπὶ
1233 1015 1308 1073 τὴν
1347 1014 1475 1073 αὐτὴν
1513 1017 1649 1059 ἐστίαν
1678 1015 1772 1067 τοὺς
1800 1021 1936 1060 ταῦτα
1965 1020 2224 1070 διατιῖἳέντας

85 1098 161 1148 (sc.
192 1093 379 1147 ἑαυτοὺς)
418 1096 557 1137 καλεῖν
596 1095 654 1135 ib.
685 1097 752 1136 31.
782 1111 824 1150 p.
859 1098 950 1138 188.
1010 1092 1067 1151 μὴ
1110 1094 1287 1139 παύσαιο
1332 1094 1386 1138 τὰ
1431 1098 1603 1138 τοιαῦτα
1647 1096 1703 1147 εἰς
1747 1095 1888 1140 ἐαυτὸν
1930 1100 2121 1153 παροινῶν
2164 1101 2222 1140 ib.

83 1189 125 1229 p.
151 1176 241 1215 187.
264 1183 342 1215 etc.
398 1174 486 1216 Sed
517 1176 560 1216 in
589 1175 720 1224 illis,
753 1190 885 1228 quae
909 1175 1012 1228 jam
1045 1176 1412 1229 insequuntur,
1445 1178 1698 1232 exemplis
1730 1193 1807 1232 pro
1842 1178 2113 1219 adverbiis
2145 1179 2222 1220 ad-

84 1253 220 1293 hibita
263 1260 414 1293 neutra
457 1268 552 1294 esse
593 1254 697 1293 mihi
729 1254 950 1294 videntur:
998 1250 1075 1308 ὃρῶ
1101 1252 1205 1296 πάνυ
1235 1252 1377 1297 λεπτὸν
1407 1253 1566 1313 ἑκάστῳ
1594 1257 1705 1311 νῆμα
1735 1256 2062 1311 ἐπιπεπλεγμένον
2091 1273 2136 1312 γε
2165 1256 2224 1299 τὰ

82 1328 257 1384 πολλὰ,
301 1334 420 1373 τοῦτο
451 1330 522 1387 μὲν
552 1331 700 1389 ἐκείνῳ,
738 1334 857 1375 τοῦτο
889 1330 932 1374 δὲ
964 1330 1072 1390 ἄλλῳ
1104 1332 1233 1374 Char.
1269 1337 1331 1375 16.
1365 1334 1397 1375 Ι.
1430 1337 1522 1374 512.
1584 1334 1680 1376 Non
1711 1343 1774 1375 est
1807 1337 2078 1377 accusativus
2110 1338 2221 1378 rela-

82 1412 209 1452 tionis
233 1435 287 1440 —
315 1412 542 1452 maximam
575 1420 760 1466 parte1n3
794 1414 1014 1453 sententian
1033 1414 1146 1453 enim
1179 1421 1263 1453 est:
1294 1414 1491 1463 maxime,
1516 1415 1782 1454 densissime.
1834 1415 1985 1469 Itaque
2015 1412 2068 1457 τὰ
2097 1414 2225 1457 πολλά

84 1505 162 1545 pro
193 1488 319 1544 μάλα,
366 1488 544 1545 μάλιστα
574 1492 772 1545 positum.
832 1489 961 1533 πολλά
991 1493 1103 1532 sine
1135 1493 1359 1533 articulo
1391 1493 1517 1533 etiam
1550 1494 1665 1548 apud
1697 1497 1860 1548 poetas,
1907 1504 1952 1534 ut
1984 1494 2221 1536 Homerum

83 1570 353 1624 potissimum
387 1566 508 1621 (πόλλ’
546 1565 708 1619 ἀέκων),
757 1570 823 1611 bis
864 1578 987 1611 >terve
1019 1572 1146 1611 etiam
1177 1572 1221 1612 in
1252 1572 1441 1627 pedestri
1474 1573 1664 1613 oratione
1695 1588 1772 1628 pro
1806 1575 1957 1614 valde
1989 1576 2224 1624 invenitur3

80 1645 144 1690 τὰ
171 1646 324 1690 πολλά
356 1657 510 1697 autem,
543 1650 578 1689 si
604 1649 782 1702 *quando
815 1664 892 1704 pro
925 1650 1131 1691 adverbio
1161 1659 1432 1706 usurpatum,
1456 1652 1654 1706 plerum
1667 1667 1763 1706 que
1786 1653 2013 1706 significat.
2035 1651 2162 1695 —-‘H
2183 1652 2226 1695 δὲ

82 1732 177 1776 παῖς
206 1725 299 1769 οὔτε
329 1727 523 1782 ἐμφαγεῖν
551 1742 591 1768 τι
620 1724 769 1783 ἤῖΐελεν
799 1725 891 1770 οὔτε
921 1733 1034 1780 πιεῖν,
1067 1725 1173 1770 ἀλλὰ
1201 1727 1365 1771 πάντα
1394 1729 1516 1787 ἔκλᾳε
1547 1732 1600 1771 lis.
1634 1733 1698 1772 22.
1731 1731 1788 1772 ΙΙ.
1822 1734 1914 1772 589.
1938 1758 1989 1762 -—
2023 1748 2225 1789 semper

82 1807 211 1847 flebat
242 1831 292 1836 —
323 1808 429 1847 nihil
468 1807 667 1859 faciebat,
707 1809 790 1848 nisi
829 1815 875 1848 ut
913 1808 1032 1848 fleret
1062 1832 1117 1838 —-—
1149 1811 1303 1859 onmia,
1344 1824 1454 1863 quae
1485 1810 1686 1859 faciebat,
1727 1819 1859 1860 erant,
1891 1823 1936 1851 ut
1967 1812 2099 1852 fleret.
2157 1811 2224 1854 ἵνα

82 1882 138 1940 μὴ
168 1883 305 1926 πάντα
335 1885 464 1926 ἐκεῖσε
495 1882 748 1940 ἀποβλέπητε
777 1883 891 1941 ἡμᾶς
922 1883 1183 1937 ἀπολιπόντες
1204 1890 1394 1936 (omnino
1411 1913 1463 1919 —
1482 1890 1666 1944 semper)
1691 1890 1760 1930 De
1781 1890 1909 1932 Dom.
1934 1893 1998 1931 21.
2022 1890 2104 1931 III.
2130 1893 2223 1932 202.

81 1963 121 2005 τί
150 1962 228 2019 γὰρ
257 1961 352 2020 ’ἡμῖν
381 1966 491 2006 δοκεῖ
519 1966 674 2021 τρέφειν
702 1963 770 2007 τὸν
799 1963 886 2009 ὄνον
917 1968 1057 2008 τοῦτον
1085 1965 1222 2009 πάντα
1251 1967 1560 2009 καταπίπτοντα
1597 1970 1651 2009 As.
1684 1971 1749 2009 22.
1781 1969 1839 2009 ΙΙ.
1872 1972 1964 2009 590.
2026 1970 2133 2011 Item
2163 1968 2226 2013 τὰ

81 2041 260 2085 πάντας
289 2042 399 2093 ὅστις
427 2042 598 2085 πλουτου
627 2045 712 2102 ε’ρᾷ,
743 2045 942 2103 κολακείᾳ
969 2043 1024 2088 τοὶ
1054 2045 1188 2088 πάντα
1218 2048 1452 2100 (tantum,
1484 2048 1704 2099 omnino)
1735 2046 1807 2089 καὶ
1828 2047 1986 2104 δουλείᾳ
2007 2047 2222 2104 σύντροφος

82 2122 205 2176 Nigr.
228 2126 289 2163 15.
313 2122 346 2163 Ι.
364 2126 429 2164 54.
479 2120 677 2178 ἠπίστατο
708 2123 808 2181 μόνη
838 2124 893 2167 τὰ
921 2124 1058 2167 πάντα
1091 2129 1262 2168 συνοῦσα
1294 2129 1497 2182 (semper)
1519 2125 1593 2168 καὶ
1613 2124 1842 2182 ὁμοδίαιτος
1862 2129 1914 2182 τῇ
1935 2125 2034 2184 νόσῳ
2065 2129 2224 2170 Abdic.

84 2204 120 2241 5.
154 2201 211 2243 Π.
245 2204 336 2243 163.
395 2199 414 2244 ὃ
453 2203 498 2243 δέ
530 2217 591 2252 τις
630 2203 797 2257 ἔμπαλιν
834 2210 964 2246 πονεῖν
1000 2203 1054 2247 τὰ
1083 2204 1219 2248 πάντα
1248 2204 1321 2247 καὶ
1351 2206 1520 2260 μοχῖῖεῖν
1551 2209 1712 2259 Necyom.
1745 2209 1783 2247 4.
1817 2207 1849 2247 Ι.
1881 2210 1974 2247 400.
2035 2208 2141 2248 Item
2171 2207 2225 2250 τὸ

84 2281 196 2321 πᾶνε
242 2277 261 2322 ὃ
291 2279 363 2335 μὲν
392 2280 564 2337 παρῄνει
593 2280 639 2324 τὸ
669 2285 749 2324 πᾶν
777 2281 956 2339 ἥδεσῇαι
987 2287 1219 2337 (tantum)
1258 2283 1331 2327 καὶ
1361 2283 1478 2340 μόνον
1507 2286 1626 2327 τοῦτο
1657 2284 1705 2327 ἐκ
1733 2283 1882 2334 παντὸς
1912 2286 2089 2340 μετιέναι
2119 2288 2223 2328 ibid.

85 2359 287 2400 Ceterum
317 2375 621 2415 nonnunquam
654 2364 782 2402 etiam
814 2364 929 2418 apud
961 2366 1160 2419 antiquos
1193 2358 1253 2406 Fe&
1282 2363 1417 2406 πάντα
1455 2380 1533 2420 pro
1565 2365 1770 2406 adverbio
1801 2367 2025 2419 reperitur.
2056 2390 2108 2395 —
2140 2365 2225 2408 Καὶ

83 2437 124 2479 τί
163 2452 223 2480 σοι
255 2437 348 2489 τοὺς
384 2438 581 2490 παλαιοὺς
619 2441 794 2491 ἐκείνους
830 2443 951 2496 λέγω,
994 2441 1091 2485 ὅπου
1129 2443 1201 2485 καὶ
1242 2441 1303 2486 τὰ
1334 2446 1599 2485 τελευταῖα
1628 2445 1788 2484 ταῦτα
1819 2446 2034 2498 (proximo
2066 2446 2224 2488 abhinc

84 2519 290 2572 tempore)
322 2516 394 2560 καὶ
416 2515 613 2561 Ἀετίωνά
643 2534 742 2575 φασι
771 2519 839 2562 τὸν
869 2519 1077 2577 ζωγράφον
1107 2521 1162 2572 εἰς
1187 2520 1416 2577 Ὀλυμπίαν
1447 2520 1655 2577 ἀγαγόντα
1684 2520 1756 2578 τὴν
1778 2520 1917 2565 εἰκόνα
1937 2522 2222 2574 ἐπιδείξασῖῖαι

84 2595 245 2637 Herod.
277 2599 314 2637 4.
347 2598 380 2638 Ι.
414 2601 507 2639 834.
567 2598 640 2640 καὶ
676 2597 852 2653 χαλεπὸν
890 2596 990 2642 εἶναι
1027 2601 1218 2656 νομίζεις,
1264 2601 1298 2643 εἰ
1334 2600 1511 2656 γυναιξὶν
1549 2598 1715 2655 ὧραίαις
1752 2599 1826 2642 καὶ
1855 2600 1962 2656 μετὰ
1990 2602 2142 2645 παίδων
2171 2604 2223 2646 τὸ

84 2672 233 2716 καλὸν
262 2672 492 2719 ἀνῇούντων
521 2674 670 2732 ὁμιλεῖς
699 2683 816 2719 Amor.
839 2682 877 2720 3.
903 2680 958 2720 II.
981 2683 1075 2721 399.
1108 2681 1304 2731 (Reizius
1328 2683 1508 2722 alterum
1531 2681 1739 2734 ejusmodi
1762 2682 2004 2737 exemplum
2028 2699 2080 2723 cx
2103 2685 2224 2724 Alci-

85 2755 261 2809 phrone,
292 2756 386 2810 ipso
418 2770 471 2796 ex
501 2759 814 2812 posterioribus
836 2774 934 2808 uno,
967 2759 1124 2812 affert.)
1187 2757 1280 2815 μεςέ
1315 2758 1382 2810 οὓς
1410 2757 1456 2801 τὸ
1488 2761 1679 2815 σοφιστῶν
1709 2757 1831 2815 φῦλόν
1861 2775 1928 2814 μοι
1956 2760 2224 2816 παρενεφύετο

86 2857 134 2862 —-
155 2830 246 2874 οὔτε
265 2834 319 2889 τῇ
340 2830 483 2891 ἀγνοίᾳ
503 2836 668 2878 τέλεον
687 2834 975 2892 προςεχόμενον
997 2844 1093 2894 (pro
1115 2839 1278 2892 τελέως)
1302 2840 1448 2893 Fugit.
1470 2842 1531 2880 10.
1551 2839 1632 2880 ΠΙ.
1650 2841 1743 2880 370.
1790 2840 1941 2894 ltaque
1963 2856 2045 2881 non
2068 2843 2223 2892 omnia,

85 2927 196 2965 quae
226 2914 459 2964 attulimus,
492 2916 762 2970 antiquorum
794 2918 916 2958 libris
949 2919 1120 2960 omnino
1153 2920 1305 2960 abesse
1338 2919 1535 2968 dicimus,
1559 2919 1635 2959 sed
1657 2919 1898 2960 Lucianum
1923 2935 2051 2974 saepe
2074 2928 2225 2961 neutra

85 3005 162 3045 pro
194 2991 411 3033 adverbiis
442 3008 688 3048 usurpasse,
721 3003 767 3035 ut
797 3011 894 3036 eum
930 2997 1055 3050 hujus
1086 2999 1263 3040 rationis
1295 2999 1573 3038 amantiorem
1605 2998 1740 3038 fuisse
1772 3010 1991 3053 appareat.

354 3070 640 3113 Verborum
673 3076 1198 3131 circumscriptiones
1231 3091 1321 3131 pro
1356 3076 1628 3117 adverbiis
1659 3084 1961 3131 usurpatae:

285 3145 346 3191 ἐπ’
384 3146 610 3206 ὀξύτερον
641 3168 718 3208 pro
750 3150 951 3208 ὀξύτερονε
982 3154 1054 3196 καί
1083 3152 1140 3196 ἐπ’
1176 3152 1356 3209 ὀξύτερον
1388 3151 1567 3196 ἀκουέτω
1597 3154 1776 3196 Cronos.
1814 3157 1874 3196 18.
1907 3154 1988 3195 ΠΙ.
2010 3157 2104 3196 400.
2137 3155 2224 3206 (Cf.

85 3241 153 3282 ap.
178 3226 422 3270 Platonem:
453 3228 518 3272 ἐπὶ
537 3229 734 3285 κάλλιον.)
781 3234 974 3284 Quidam
997 3236 1292 3288 conjecerunt:
1325 3230 1375 3276 ἔτ’
1402 3229 1594 3289 ὀξύτερον.
1645 3232 1723 3276 ἐπὶ
1743 3232 1862 3275 πολύ
1893 3238 2225 3290 „magnopere“.

1883 3317 1931 3353 12
