2456 3501
1293 127 1376 170 32

259 287 390 336 tendi,
423 291 579 342 posuit,
626 286 667 325 in
700 299 786 339 qua
816 299 941 326 neino
973 285 1249 338 antiquorum
1280 286 1508 326 terminum
1541 286 1601 327 ad
1634 303 1779 342 quem
1813 286 1968 340 adjecit
1999 300 2078 327 nee
2110 286 2360 341 adjecisset:
2392 283 2412 328 ὃ

260 365 414 415 Δεινίας
443 363 499 414 εἰς
528 362 690 419 Γύαρον
717 364 1013 420 κατεπέμφῢη,
1043 364 1084 405 ἐν
1112 361 1244 419 ταύτῃ
1273 362 1434 419 φεύγειν
1465 363 1521 414 εἰς
1551 361 1616 407 ἀεὶ
1643 365 1887 420 τεταγμένος
1918 364 2026 406 Tox.
2062 367 2124 406 17.
2158 365 2215 407 ll.
2248 367 2342 407 5245.

1079 450 1131 506 3)
1175 468 1270 495 enm
1303 456 1600 496 accusativo.-

1288 534 1385 575 ΕΙΣ

258 629 336 669 pro
363 612 403 654 ἐν
434 620 562 667 atque
594 613 804 655 audacius
837 627 965 667 quam
990 613 1094 653 alibi
1117 613 1353 668 reperitur:
1383 609 1540 668 ἠρόμην
1571 611 1815 665 Θετταλοὺς,
1846 613 1884 657 εἴ
1910 628 1985 670 περ
2016 613 2256 656 ἐπίστανται
2285 615 2414 672 ἄνδρα

257 691 445 735 οἰκοῦντα
474 692 515 742 ἐς
545 689 792 734 τὰ”Ύπατα
821 695 875 733 As.
911 695 944 733 l.
978 692 1035 734 11.
1068 694 1162 733 568.

459 771 544 813 Pro
575 769 707 826 παρά
738 787 773 812 c.
805 787 894 812 aec.
927 786 1023 812 raro
1056 771 1220 825 antiqui
1251 786 1302 813 eo
1333 773 1401 812 usi
1434 780 1544 821 sunt,
1584 773 1660 813 sed
1692 788 1864 828 semper
1903 775 2115 830 (exeeptis
2148 776 2320 829 poetis»,
2366 787 2411 817 ut

255 851 439 906 pluralis
472 859 696 905 sequutum
729 852 792 892 sic
823 851 952 891 etiam
984 851 1093 890 Luc.
1126 851 1330 900 (Demon.
1363 853 1428 893 57.
1462 851 1519 892 11.
1552 854 1667 902 393.)
1707 849 1915 907 προελῢὼν
1945 851 2002 902 εἰς
2032 850 2200 903 αὐτούς
2246 854 2409 901 (Prom.

257 944 288 970 s.
321 929 372 971 C.
405 933 442 971 6.
475 929 510 970 Ι.
545 932 654 978 190.)
698 926 744 972 τὸ
780 930 855 984 πῦρ
893 926 1091 984 ἐκόμισας
1122 929 1163 979 ἐς
1195 926 1361 980 αὐτούςς
1408 941 1450 971 at
1481 943 1688 985 sequente
1722 932 1934 986 singulari
1981 935 2023 973 in
2055 934 2167 975 libro
2216 933 2283 974 De
2318 934 2412 975 Dea

256 1009 401 1063 Syria,
446 1008 603 1051 Joniee
636 1011 812 1065 scripto,
858 1017 902 1050 ut
934 1010 1092 1065 probro
1125 1011 1233 1050 verti
1266 1003 1432 1051 auctori
1463 1026 1548 1051 non
1579 1011 1757 1051 debeat:
1804 1006 2046 1066 ἀπικόμενος
2076 1011 2117 1063 ἐς
2145 1010 2215 1054 τὸν
2244 1013 2415 1065 βασιλέα

255 1087 324 1139 (Ο.
358 1091 423 1129 20.
457 1088 539 1129 ΙΙΙ.
571 1091 685 1138 468).

457 1167 515 1217 εἰς
547 1184 623 1224 pro
654 1166 770 1223 πρός
800 1184 836 1209 e.
869 1185 959 1210 aec.
990 1188 1047 1204 =
1078 1169 1203 1223 apud
1233 1170 1362 1210 etia-m
1395 1171 1559 1225 antiqui
1592 1186 1688 1212 raro
1721 1171 2000 1221 admiserunt,
2038 1171 2155 1212 velut
2189 1171 2411 1212 Demosth.

255 1263 295 1302 p.
329 1249 422 1288 715.
455 1244 536 1289 οὐδ’
573 1247 629 1297 εἰς
657 1246 732 1303 τὴν
763 1246 905 1304 βουλὴν
935 1244 1021 1290 οὐδ’
1057 1247 1113 1298 εἰς
1141 1247 1211 1290 τὸν
1243 1250 1370 1304 δῆμον
1400 1248 1528 1302 εἰπών,
1574 1251 1748 1304 aliaque
1793 1252 1994 1306 exempla
2039 1251 2245 1305 Stephan.
2278 1249 2409 1291 Thes.

253 1328 446 1383 praebet.
499 1329 724 1369 Audacius
756 1329 818 1369 sie
850 1328 1077 1370 Lucianus
1110 1328 1235 1382 (Tox.
1267 1332 1334 1370 36.
1368 1329 1426 1370 II.
1457 1333 1584 1382 917):
1616 1326 1668 1380 ὥς
1699 1329 1739 1379 ἐς
1768 1327 1983 1379 τοσούτους
2012 1326 2300 1384 ἀποδυσόμενοι
2329 1325 2411 1371 εὔε-

254 1405 346 1458 {cong
376 1406 668 1462 ἐπιμελοῦνται.

455 1488 525 1528 Ad
558 1488 810 1528 adverbia
840 1488 1021 1542 singen
1034 1489 1094 1529 da
1125 1489 1340 1529 interdum
1368 1505 1463 1530 cum
1489 1489 1759 1530 substantivo
1784 1488 1842 1542 (ἐς
1863 1486 2098 1545 ὑπερβολήν)
2121 1490 2411 1543 conjunctum,

251 1567 328 1608 sed
361 1567 477 1622 apud
511 1571 660 1622 poetas
692 1568 820 1616 solos,
854 1575 897 1607 ut
922 1568 1088 1621 judico,
1122 1584 1219 1608 euin
1252 1569 1466 1622 adjectivo
1497 1570 1736 1619 invenitur,
1783 1570 1900 1610 velut
1933 1585 2000 1625 ap.
2034 1559 2323 1623 Aeschylum:
2369 1568 2412 1617 ἐς

251 1644 296 1688 τὸ
330 1641 493 1701 ἀκριβές
524 1662 601 1701 pro
633 1642 807 1701 ἀκριβῶς
838 1649 909 1700 (cf.
933 1647 1117 1703 Steph.).
1170 1648 1374 1688 Luciam:
1407 1647 1481 1704 τὴν
1513 1645 1605 1703 ὄψιν
1627 1648 1666 1698 ἐς
1687 1646 1733 1704 το
1755 1644 1894 1698 ἀτενὲς
1913 1645 2196 1704 ἀπηρεισάμην
2218 1663 2295 1703 pro
2317 1644 2410 1689 ἀτε-

250 1727 323 1775 νῶς
354 1725 534 1767 Icarom.
562 1728 608 1765 12
645 1726 702 1766 ΙΙ.
727 1728 843 1774 765.;
875 1727 1071 1768 facilius:
1104 1725 1138 1768 εἰ
1167 1724 1241 1769 καί
1268 1725 1332 1768 ὅτι
1363 1726 1544 1782 μάλιστα
1575 1727 1616 1778 ἐς
1645 1724 1691 1770 τὸ
1724 1725 1873 1784 ἀφελὲς
1895 1725 2045 1784 ἑαυτὴν
2066 1725 2139 1769 καὶ
2158 1725 2204 1769 τὸ
2227 1724 2409 1783 ἀκόσμη-

250 1821 317 1847 τον
347 1803 586 1861 έρρῖύῖῖμιζεν
620 1805 732 1846 Piso.
769 1807 830 1846 12.
865 1806 898 1846 Ι.
931 1808 1042 1856 580.,
1089 1809 1124 1847 si
1172 1808 1347 1861 quidem
1396 1823 1498 1863 pro:
1545 1807 1586 1857 ἐς
1623 1804 1691 1848 τὸν
1723 1803 1853 1863 ἀφελῆ
1886 1805 1958 1849 καὶ
1989 1804 2224 1863 ἀκόσμητον
2252 1804 2408 1861 τρόπον.

251 1886 323 1926 Ad
355 1885 611 1926 adverbia
645 1886 710 1937 vel
744 1886 1036 1926 numeralia
1068 1887 1134 1926 vel
1167 1889 1480 1942 temporalia
1512 1888 1759 1941 adjunctum
1792 1889 1932 1928 rarius
1964 1903 2031 1943 ap.
2065 1888 2281 1940 antiquos,
2314 1901 2408 1927 sae-

251 1966 430 2020 pissime
470 1980 573 2006 vero
613 1980 680 2020 ap.
713 1966 974 2006 recentiores
1013 1966 1231 2006 invenitur
1268 1982 1347 2007 nee
1389 1975 1530 2007 tamen
1564 1968 1744 2007 inultum
1778 1967 1906 2008 habet
1938 1967 2213 2008 ostensionis:
2260 1965 2301 2014 ἐς
2332 1963 2408 2019 μοί-

249 2046 367 2085 λιστα
399 2046 538 2096 Philop.
571 2047 608 2084 9.
642 2043 723 2084 ΙΙΙ.
756 2046 849 2084 593.
900 2041 1120 2098 respuam—‹In›
1150 2045 1192 2095 ἐς
1219 2044 1304 2100 τρίς
1344 2045 1540 2100 Philops.
1577 2049 1639 2086 12.
1672 2046 1754 2086 ΙΙΙ.
1788 2049 1854 2086 39.
1915 2046 2020 2087 Sine
2049 2046 2139 2086 ulla
2171 2044 2409 2086 offensione

252 2140 347 2165 cuni
381 2123 645 2177 adjectivo
676 2124 955 2164 numerali:
988 2124 1030 2173 ἐς
1060 2122 1201 2179 μικρόν
1233 2130 1307 2175 (-—-
1337 2124 1378 2174 ἐς
1408 2123 1548 2180 μικρὸν
1577 2123 1735 2181 χρόνον)
1771 2126 1908 2178 Phnop.
1943 2128 1980 2166 2.
2005 2124 2086 2165 ΙΙΙ.
2110 2126 2204 2165 586.

453 2202 598 2243 Verba
629 2200 890 2253 σκώπτειν,
921 2204 1282 2258 λοιδορεῖσῇαι,
1314 2200 1528 2260 ὑβρίζειν
1559 2212 1655 2245 cett.
1688 2220 1819 2260 saepe
1843 2205 2066 2245 Lucianus
2099 2219 2196 2244 cum
2229 2202 2271 2253 ἐς
2302 2219 2406 2245 con-

251 2284 419 2333 struxit,
453 2283 655 2335 idemque
688 2281 857 2323 Soloec.
891 2281 1039 2333 C.10.‚
1072 2284 1177 2337 quid
1209 2285 1436 2324 interesset
1468 2285 1578 2324 inter
1609 2281 1773 2338 ὑβρίζειν
1803 2282 1894 2326 τινά
1924 2292 1963 2324 et
1994 2283 2035 2332 ἔς
2063 2297 2155 2323 τινα
2184 2284 2406 2338 exposuit3

250 2363 326 2403 sed
371 2362 488 2417 apud
534 2363 735 2414 antiquos
783 2361 891 2402 lianc
931 2364 1293 2403 constructionem
1336 2364 1508 2404 omnino
1546 2379 1687 2404 raram
1719 2379 1814 2404 esse
1838 2364 2002 2417 judico,
2048 2377 2268 2416 unumque
2301 2363 2404 2402 mihi

248 2442 494 2496 exemplum
539 2455 592 2480 ex
638 2440 932 2495 Aristophane
978 2440 1091 2491 (Pax
1123 2444 1204 2482 740
1240 2439 1453 2493 σκώπτειν)
1485 2450 1645 2485 notum.
1705 2443 1836 2483 Lm:
1866 2441 2138 2495 λοιδορεῖσῖῑαι
2170 2440 2331 2496 ἐφίεμεν
2361 2441 2405 2490 ἐς

248 2518 343 2569 τοὺς
372 2519 538 2568 πολίτας
569 2519 736 2560 Anach.
769 2521 835 2559 22.
870 2519 928 2560 ΙΙ.
961 2523 1054 2561 904.
1106 2519 1147 2570 ἐς
1175 2517 1268 2569 τοὺς
1297 2523 1613 2577 φιλοσοφοῦντας
1643 2518 1920 2563 ἀποσκώπτειν
1964 2520 2114 2561 Herm.
2146 2522 2211 2562 51.
2244 2520 2278 2561 1.
2311 2522 2403 2561 792.

249 2599 291 2649 ἐς
322 2596 397 2654 τὴν
428 2594 613 2652 ἀπειρίαν
645 2594 957 2640 ἀποσκώπτουσι
988 2599 1057 2640 De
1089 2615 1218 2641 mere.
1252 2616 1286 2643 e.
1323 2603 1386 2641 15.
1417 2601 1451 2641 Ι.
1485 2604 1566 2642 670
1596 2608 1676 2642 ete.

849 2733 894 2779 11.
940 2732 1282 2792 Praepositiones
1314 2748 1404 2782 cum
1433 2737 1591 2783 duobus
1623 2735 1811 2782 casibus:

1210 2826 1252 2876 1)
1283 2826 1448 2867 ΚΑΤΑ.

556 2954 559 2955 ⁷
1104 2905 1150 2951 a)
1188 2917 1283 2943 cum
1311 2906 1546 2959 yenelivo:

451 2981 639 3024 Loeali
672 2981 713 3021 vi
746 2981 788 3021 in
821 2980 1012 3035 pedestri
1045 2983 1236 3023 oratione
1269 2984 1340 3023 vix
1371 2984 1497 3025 aliter
1527 2985 1743 3040 reperitur
1782 2998 1909 3037 quam
1949 3000 2028 3040 pro
2061 2985 2116 3027 de
2149 2993 2221 3026 aut
2251 2985 2329 3027 sub
2363 3001 2399 3026 c.

249 3077 391 3102 accus.
424 3071 519 3116 post
550 3060 686 3100 verba
716 3060 955 3100 movendi
989 3061 1175 3114 positum
1209 3062 1427 3117 (eipecffiou.
1456 3061 1570 3104 κατὰ
1599 3064 1675 3105 τῶν
1703 3064 1854 3117 πετρῶν
1872 3089 1920 3094 —
1941 3064 2055 3105 δῦναι
2083 3060 2195 3105 κατὰ
2223 3066 2300 3114 τῖς
2320 3065 2399 3106 ‘zta-

247 3137 432 3195 λάσσης).
477 3140 563 3180 Pro
593 3139 673 3179 sub
707 3154 804 3180 eum
836 3139 965 3179 ablat.
997 3139 1080 3180 nisi
1114 3156 1182 3195 ap.
1214 3145 1364 3197 poe'tas
1395 3152 1436 3182 et
1468 3144 1730 3184 recentiores
1761 3157 1843 3183 non
1876 3143 2005 3184 facile
2028 3144 2228 3185 occurrit.
2267 3144 2398 3185 Luc.:

249 3215 392 3272 ἄφωνα
420 3215 475 3259 τὰ
503 3214 608 3260 καῗΥ
634 3214 782 3267 ὕδατος
811 3215 1056 3272 διαιτώμενοι
1086 3220 1183 3260 [iaie.
1217 3221 1252 3261 1.
1283 3219 1317 3260 Ι.
1353 3222 1444 3261 176.
