2456 3501
171 848 560 936 Grammatioa,
603 867 766 939 quam
806 844 1073 919 lucianus
1115 845 1172 917 in
1213 844 1442 936 scriptis
1484 842 1599 914 suis
1642 845 1867 916 secutus
1909 847 2015 932 est,
2058 845 2205 916 ratio

416 981 537 1031 cum
579 960 930 1048 antiquorum
971 957 1283 1029 Atticorum
1323 955 1541 1027 ratione
1585 958 1957 1045 comparatur.

112 1195 229 1284 Cum
261 1239 418 1283 abhinc
450 1257 612 1297 paucos
644 1256 777 1282 annos
810 1239 996 1280 Luciani
1035 1240 1197 1294 scripta
1235 1239 1520 1294 perlegerem,
1559 1238 1601 1277 in
1633 1236 1760 1292 plura
1790 1237 1935 1287 incidi,
1968 1251 2079 1291 quae
2111 1237 2164 1276 ab
2197 1236 2262 1276 in-

110 1321 223 1372 tegri
268 1320 511 1362 Atticorum
559 1321 767 1360 sermonis
814 1320 977 1359 ratione
1023 1318 1256 1358 abhorrere
1295 1317 1558 1357 viderentur.
1620 1316 1806 1357 Miratus
1848 1316 1942 1365 hoe,
1984 1317 2147 1370 quippe
2189 1316 2264 1368 qui

111 1399 319 1439 librorum
359 1407 777 1455 praeceptorumque
822 1398 1075 1438 auctoritate
1114 1397 1269 1437 ductus
1307 1396 1495 1436 Lueiani
1528 1398 1690 1451 scripta
1720 1396 1959 1450 incorrupti
1991 1410 2086 1435 esse
2118 1410 2264 1434 exem-

110 1478 230 1532 plum
263 1479 465 1518 atticismi
497 1479 697 1518 arbitrari
729 1480 1068 1526 eonsuevissem,
1101 1490 1388 1530 quaeeunque
1421 1476 1475 1515 ad
1508 1475 1617 1515 hanc
1648 1476 1894 1530 opinionem
1926 1475 1995 1514 vel
2027 1474 2271 1527 infringen-

112 1557 210 1597 dam
241 1557 310 1596 vel
342 1557 702 1599 corroborandam
736 1557 879 1596 valere
910 1556 1172 1604 viderentur,
1206 1556 1378 1595 intentis
1412 1555 1549 1595 oculis
1581 1561 1835 1608 arrectaque
1868 1562 2008 1594 mente
2031 1553 2269 1594 observare

113 1644 241 1689 atque
273 1635 478 1676 adnotare
510 1637 552 1676 in
585 1637 773 1676 animum
804 1636 969 1675 induxi.
1030 1635 1096 1675 Ae
1119 1650 1286 1674 summa
1308 1634 1482 1687 quidem
1507 1633 1657 1673 harum
1680 1633 2029 1674 observationum
2055 1640 2119 1672 est
2141 1632 2264 1680 haec,

112 1714 372 1764 Lueianum,
411 1715 578 1755 etiamsi
618 1715 821 1764 omnium,
859 1715 934 1768 qui
974 1722 1070 1769 post
1107 1713 1407 1754 Alexandrum
1448 1711 1617 1754 Graece
1655 1713 1936 1767 scripserunt,
1979 1713 2175 1766 proxime
2214 1711 2268 1751 ab

114 1795 301 1846 antiquis
334 1795 583 1834 auctoribus
617 1793 774 1835 Atticis
806 1794 932 1843 absit,
963 1801 1106 1834 tamen
1138 1794 1406 1847 aliquantum
1437 1794 1490 1833 ab
1523 1793 1575 1832 iis
1608 1792 1782 1832 distare.
1837 1791 1968 1842 Quod
1991 1792 2071 1831 etsi
2096 1791 2270 1845 penitus

114 1873 371 1926 cognovisse
411 1881 451 1912 et
489 1873 713 1928 exemplis,
753 1887 864 1926 quae
902 1874 1015 1913 infra
1046 1873 1237 1921 afferam,
1269 1872 1628 1927 comprobaturus
1665 1886 1760 1911 esse
1791 1871 1897 1911 mihi
1928 1871 2092 1919 videor,
2125 1878 2268 1910 tamen

113 1966 197 1992 non
235 1951 399 2001 dubito,
438 1953 543 2005 quin
584 1967 665 1993 non
707 1953 908 1993 delutura
945 1953 1042 2001 sint,
1083 1953 1135 1992 de
1168 1952 1332 2006 quibus
1364 1966 1448 1992 non
1480 1958 1595 1991 recte
1620 1950 1925 2003 judicaverim,
1958 1958 2030 1990 aut
2063 1964 2191 2003 quae,
2223 1957 2268 1988 ut

107 2031 197 2084 jam
228 2031 358 2080 dicta,
390 2031 642 2081 omissurus,
674 2040 744 2071 aut
777 2032 964 2085 denique
996 2032 1120 2071 aliter
1141 2038 1400 2071 tractaturus
1422 2031 1592 2079 fuerim,
1615 2031 1665 2079 si,
1689 2043 1797 2083 quos
1824 2029 2094 2069 Fritzsehius
2116 2029 2265 2076 libros,

114 2124 296 2162 quorum
343 2111 451 2150 alter
490 2111 764 2164 quaestiones
803 2110 1119 2161 Lucianeae*),
1157 2111 1273 2167 nalter
1312 2109 1365 2150 de
1406 2110 1619 2149 atticismo
1659 2116 1699 2148 et
1731 2108 2043 2163 orthographia
2075 2107 2262 2147 Luciani

114 2189 376 2239 inscribitur,
423 2189 572 2239 edidit,
619 2189 879 2230 habuissem.
940 2189 1007 2231 Ae
1047 2205 1200 2231 vereor
1236 2204 1288 2229 ne
1328 2204 1478 2244 parum
1520 2189 1573 2229 ad
1613 2188 1907 2229 excusandum
1940 2203 2007 2254 me
2038 2187 2194 2235 valeat,
2230 2187 2265 2227 si

116 2269 282 2309 affirmo
313 2284 392 2309 nee
423 2284 581 2324 operae
614 2284 691 2309 nec
724 2271 813 2309 aeri
846 2285 911 2310 me
944 2270 1195 2324 pepercisse
1233 2269 1288 2309 ad
1327 2269 1404 2310 lios
1442 2268 1576 2308 libros
1609 2267 1923 2322 comparandos
1957 2274 2088 2319 atque
2120 2273 2270 2307 aueto-

113 2362 202 2386 rem
236 2348 378 2402 ipsum
410 2348 548 2388 literis
581 2364 647 2388 me
679 2348 853 2398 adiisse,
886 2349 962 2389 sed
993 2350 1167 2389 frustra.
1227 2349 1297 2389 An
1331 2348 1521 2389 seribere
1553 2347 1633 2387 hac
1665 2347 1719 2387 de
1749 2362 1795 2387 re
1829 2346 1974 2394 debui,
2013 2346 2115 2385 dum
2148 2346 2273 2386 libris

114 2427 330 2475 carebam,
369 2428 412 2467 in
454 2428 611 2482 quibus
654 2429 706 2468 de
747 2428 826 2468 hac
865 2430 962 2484 ipsa
993 2429 1179 2483 aliisque
1211 2428 1538 2482 quaestionibus
1570 2426 1829 2481 disputatur,
1864 2425 1965 2465 dum
1998 2424 2270 2478 ignorabam,

114 2519 214 2545 num
248 2506 485 2559 quidquam
518 2515 614 2562 post
645 2508 742 2548 illos
774 2509 874 2548 novi
907 2507 1052 2548 afferri
1085 2517 1157 2548 aut
1189 2523 1213 2547 a
1236 2523 1303 2547 me
1325 2507 1469 2547 afferri
1494 2507 1668 2561 posset?
1718 2504 1809 2545 Nec
1832 2519 1934 2545 sane
1957 2519 2087 2544 ausus
2112 2519 2265 2552 essem,

115 2583 198 2623 nisi
230 2585 379 2640 scripti
411 2586 516 2639 quid
549 2587 676 2627 edere
708 2603 760 2627 ex
793 2588 989 2628 sollemni
1021 2587 1208 2641 quodam
1240 2602 1322 2627 usu
1349 2587 1498 2640 jussus
1530 2600 1643 2625 nunc
1676 2599 1830 2633 essem,
1861 2584 1945 2623 nisi
1969 2598 2271 2638 programma—

116 2662 171 2702 tis
204 2664 373 2704 nomine
404 2674 655 2705 excusatum
689 2681 756 2706 me
787 2667 838 2706 iri
870 2681 1113 2720 speraremg
1161 2681 1286 2720 quae,
1319 2674 1364 2705 ut
1396 2681 1420 2705 a
1453 2665 1544 2704 ludi
1575 2665 1798 2718 magistris
1831 2663 2005 2717 scripta,
2038 2678 2121 2702 non
2155 2663 2272 2702 auri-

116 2741 210 2781 ficis
243 2749 401 2782 statera
431 2743 506 2784 sed
540 2745 741 2800 populari
774 2746 961 2798 quadam
993 2747 1154 2786 trutina
1185 2746 1300 2786 docti
1341 2745 1422 2785 viri
1455 2745 1703 2784 examinare
1735 2755 2081 2797 persuasumque
2116 2741 2276 2780 habere

116 2819 252 2860 solent
284 2820 338 2860 ad
368 2822 587 2862 litera-rum
620 2825 763 2878 potius
796 2824 939 2864 studia
970 2825 1294 2880 comprobanda
1324 2824 1536 2877 quaedam
1569 2823 1624 2863 ab
1656 2824 1709 2863 iis
1742 2821 1874 2862 scribi
1900 2835 2028 2873 quam
2052 2820 2105 2860 ad
2130 2821 2270 2859 seien-

115 2899 200 2938 tiae
230 2900 337 2939 fines
369 2902 663 2954 proferendos,
721 2902 814 2944 Nee
846 2903 952 2943 nihil
984 2903 1254 2944 Fritzschius
1287 2905 1381 2958 ipse
1413 2903 1467 2942 ad
1499 2902 1723 2943 solandum
1757 2915 1823 2941 me
1854 2901 1970 2949 feeit,
2003 2914 2134 2952 quum
2160 2913 2271 2952 quae

114 2977 238 3018 libris
270 2978 359 3018 suis
391 2980 722 3031 continerentur,
754 2997 902 3024 eorum
934 2984 1163 3023 maximam
1198 2990 1362 3037 partem
1385 2983 1445 3022 ita
1459 2983 1548 3035 jam
1572 2983 1615 3021 in
1638 2996 1762 3021 usum
1786 2980 2098 3032 scientiamque
2121 2978 2268 3018 docto-

317 3080 354 3132 *)
386 3083 534 3121 Missus
567 3086 724 3133 quidem
763 3087 855 3124 mihi
896 3092 956 3125 est
995 3101 1018 3125 a
1048 3088 1275 3137 bibliopola
1305 3089 1406 3125 libm·
1436 3088 1511 3125 hoe
1542 3088 1698 3124 nomine
1731 3085 1962 3133 inscriptus,
1997 3083 2067 3120 sed
2099 3093 2178 3119 non
2210 3087 2270 3118 est

116 3149 195 3197 ille,
228 3151 279 3188 ad
311 3164 424 3200 quem
458 3152 630 3190 editores
661 3155 900 3204 respiciuut3
934 3162 993 3192 est
1025 3156 1124 3192 enim
1159 3157 1227 3192 illa
1258 3157 1486 3193 ‹lissertatio
1521 3168 1543 3192 a
1575 3153 1795 3192 Fritzsehio
1827 3152 1877 3189 ad
1899 3150 2178 3201 philosophiae
2200 3148 2271 3185 ho-

116 3229 232 3254 nores
265 3220 533 3268 capessendam
567 3221 729 3270 scripta.

1956 3300 1971 3334 1
