2456 3501
1101 158 1172 203 31

64 324 246 364 nitivum
279 322 391 362 hunc
421 321 672 375 genetivum
704 334 922 373 nunquam
956 319 1064 359 mihi·
1093 319 1336 359 occurrisse
1367 316 1600 365 fatendum,
1623 317 1705 357 nisi
1727 316 1843 371 apud
1865 316 2109 357 Lueianum
2133 316 2213 366 his,

67 417 175 456 quos
207 401 398 450 afferam,
430 401 555 441 locis:
585 401 639 455 τῇ
669 396 828 454 γλώττῃ
858 395 1071 452 χρώμενος,
1102 394 1151 453 ἢν
1181 396 1302 452 ἐχρῆν
1331 394 1459 450 δήπου
1488 398 1565 451 τῆς
1595 392 1878 450 ἀγνωμοσύνης
1899 394 2080 449 ἐκτεμεῖν
2111 397 2213 436 nem.

66 484 151 521 ΕΜ.
182 482 248 521 31.
280 479 362 520 III.
395 481 488 519 513.
548 477 762 532 Exempla
793 478 989 531 quidem,
1029 491 1140 530 quae
1173 476 1314 530 Kriig.
1346 478 1412 516 47.
1446 476 1511 515 22.
1543 477 1580 515 3.
1620 483 1662 515 et
1692 475 1800 515 Mat.
1832 477 1927 515 321.
1959 475 2013 514 ad
2041 475 2212 529 'geneti-

67 574 167 599 vum
212 558 434 599 relationis
471 557 668 606 afferunt,
715 557 840 597 aliter
871 571 916 596 se
950 556 1106 596 habent
1137 571 1216 596 nee
1248 555 1457 608 ejusmodi
1490 562 1600 604 sunt,
1639 562 1686 594 ut
1716 569 1768 593 ex
1801 553 1867 593 his
1899 554 1973 593 ille
2004 553 2215 608 explicari

67 652 194 693 posse
224 637 443 685 videatur;
490 644 563 683 aut
593 636 727 676 multo
758 636 1034 676 audaciorem
1064 636 1108 675 in
1139 634 1362 688 sequenda
1394 635 1473 674 hae
1505 635 1670 674 ratione
1700 633 1947 672 Lucianum
1978 633 2115 672 fuisse
2148 632 2214 672 di-

68 716 264 757 cendum.
325 715 516 756 Deinde:
547 713 653 764 τίνος
683 711 846 768 ἀγαῗςοῦ
875 714 994 755 τοῦτο
1026 714 1219 763 ποιοῦσινς
1250 713 1446 768 Philops.
1473 714 1508 752 1.
1533 712 1616 752 111.
1638 714 1705 752 30.
1738 713 1861 751 item:
1891 709 1996 760 τίνος
2028 702 2094 752 οὖν
2115 707 2216 765 ἀγα-

65 796 143 837 Ξῖοὖ
176 796 265 848 (cui
297 795 452 845 bono?)
499 791 578 849 ὠνῇ
608 794 765 842 ταῦτα;
809 792 924 834 Adv.
957 792 1051 833 Ind.
1085 792 1167 832 ΙΙΙ.
1203 795 1295 833 103.
1357 792 1502 846 Atque
1550 793 1592 831 in
1633 791 1811 831 eandem
1846 792 2052 830 rationem
2085 791 2214 830 etiam

67 875 147 916 hoe
179 876 425 930 exemplum
459 875 762 930 accipiendum
793 873 984 913 videtur:
1017 870 1128 913 οἰκία
1159 863 1217 926 ἆρ’
1253 867 1343 925 οὐχὶ
1373 871 1548 925 σκέπης,·
1581 873 1662 922 Cyn.
1688 869 1832 910 4.111.
1857 872 1974 917 54‹›.;
2006 885 2103 909 nam
2135 869 2216 908 etsi

67 955 296 1008 genEtivus
327 955 456 994 etiam
488 969 585 994 cum
618 952 750 992 verbo
781 951 1051 992 substantivo
1082 945 1184 992 εἶναι
1217 951 1351 1004 (quod
1375 951 1599 1002 omissum)
1632 950 1822 991 construi
1847 950 1995 1004 possit,
2018 956 2062 988 ut
2086 948 2218 988 latine

67 1048 208 1081 esse,
249 1033 343 1079 (sed
382 1043 427 1073 ut
460 1033 668 1073 audacius
701 1032 807 1072 baec
839 1038 1055 1072 structura
1086 1031 1281 1071 adhibita
1312 1045 1408 1070 esse
1439 1029 1639 1081 dicatur),
1672 1037 1814 1069 tamen
1846 1029 1975 1068 aliam
2006 1028 2215 1068 rationem

69 1121 286 1152 auctorem
318 1113 560 1165 ingressum
592 1126 687 1151 esse
718 1126 770 1150 ex
803 1110 1083 1164 sequentibus
1107 1110 1306 1163 conjicio:
1338 1107 1378 1149 τί
1408 1106 1451 1150 δὲ
1481 1105 1610 1163 {sit->43
1638 1111 1708 1150 τοῦ
1737 1105 1900 1162 χοίρως
1932 1099 1989 1161 ἆρ’
2026 1102 2114 1160 οὒχῖ
2142 1103 2217 1146 καί

69 1186 175 1246 αὐτὴ
203 1192 281 1240 τ’ἷς
309 1190 482 1244 σκέπηςς

1100 1280 1192 1321 ΕΚ.

270 1360 449 1410 Dubito,
481 1374 582 1401 num
612 1360 778 1414 antiqui
811 1360 968 1400 dicturi
999 1360 1177 1399 fuerint:
1210 1356 1351 1407 λάσιος
1381 1357 1429 1399 ἐκ
1457 1361 1539 1398 τοῖν
1570 1359 1725 1398 σκελοῖν
1755 1360 1853 1411 (pro
1876 1356 2064 1410 simplici
2088 1369 2216 1395 accu-

68 1440 223 1491 sativo)
257 1439 330 1480 Bis
364 1440 470 1481 Ace.
503 1443 540 1480 9.
573 1440 630 1480 ΙΙ.
663 1442 757 1480 801.
808 1436 931 1494 βαρὺς
960 1437 1008 1479 ἐκ
1037 1443 1118 1479 τοῖν
1150 1439 1305 1480 σκελοῖν
1336 1436 1447 1478 Tim.
1481 1440 1546 1478 126.
1581 1437 1613 1477 Ι.
1650 1439 1740 1479 139.

1087 1564 1200 1604 ΠΡΟ

68 1628 309 1698 τετιηΡΟΥαΙό
337 1659 404 1698 ap.
437 1642 546 1683 Luc.
594 1658 644 1683 ea
689 1644 854 1684 ratione
885 1650 1141 1698 usurpatum
1173 1643 1410 1690 invenitur,
1458 1657 1542 1696 qua
1582 1642 1837 1681 Latinorum
1885 1645 2014 1686 ante;
2061 1639 2221 1679 etenim

68 1727 172 1762 (nate
204 1726 297 1763 [res
330 1722 427 1762 dies
458 1738 542 1763 non
574 1730 743 1778 tempus
775 1711 992 1777 signifieat
1024 1723 1120 1777 plus
1153 1723 1280 1762 trium
1315 1722 1496 1770 dierum,
1520 1736 1602 1761 non
1625 1729 1708 1761 est:
1742 1721 1888 1773 aliquo
1910 1727 2101 1773 tempore
2125 1726 2222 1758 ante

68 1800 137 1840 III
163 1801 268 1851 dies,
301 1802 375 1842 sed
408 1802 545 1842 tribus
577 1802 731 1842 diebus
763 1810 860 1842 ante
893 1802 985 1842 hoc
1017 1809 1187 1856 tempus
1222 1789 1275 1830 —.
1303 1815 1399 1841 ante
1432 1801 1741 1855 praesentia1n3
1774 1800 1833 1839 ita
1864 1799 1979 1853 apud
2010 1797 2221 1838 recentio-

68 1896 152 1929 res,
185 1881 303 1920 velut
335 1881 577 1922 Diodorum
609 1879 682 1936 πρὸ
713 1883 856 1923 πολλοῦ
888 1896 1017 1936 saepe
1049 1881 1237 1922 occurrit
1269 1895 1367 1935 pro:
1398 1879 1530 1936 πολλῷ
1559 1876 1760 1934 πρότερον.
1820 1879 1966 1931 Atque
1997 1886 2044 1916 ut
2074 1876 2224 1916 Latini

68 1968 165 2014 post
195 1975 291 1999 eum
325 1962 634 2010 accusativum,
667 1962 739 2014 qui
773 1962 979 2016 temporis
1013 1962 1199 2015 spatium
1232 1961 1472 2013 significat,
1520 1959 1701 1999 alterum
1734 1957 2029 1999 assceusativum
2063 1971 2222 2011 posue-

68 2048 179 2089 runt,
219 2041 292 2093 qui
325 2048 507 2094 tempus,
541 2055 565 2079 a
597 2054 680 2093 quo
712 2040 1032 2089 numerabatur,
1078 2039 1304 2089 indicaret,
1349 2046 1394 2078 ut
1435 2047 1550 2078 ante
1583 2038 1713 2078 diem
1746 2038 1958 2078 tertium
1989 2035 2103 2076 Kal.
2134 2033 2221 2075 Ja-

68 2119 302 2168 nuarias,
349 2120 411 2158 sie
444 2117 602 2159 Graeci
636 2119 714 2167 illi,
748 2119 929 2160 Latinos
962 2120 1130 2169 imitati,
1178 2119 1358 2158 alterum
1399 2119 1648 2172 genetivum
1697 2125 1946 2172 posuerunt,
1992 2116 2036 2155 in
2081 2116 2225 2169 iisque

70 2195 350 2238 Plutarchus:
383 2193 455 2252 πρὸ
487 2198 585 2253 μιᾶς
614 2194 772 2253 ἡμέρας
802 2195 950 2239 Νώνων
973 2194 1230 2253 Ἰανουαρίων
1275 2197 1385 2238 Mor.
1425 2199 1518 2237 319.
1552 2197 1605 2236 A.
1665 2196 1799 2251 Apud
1839 2195 2082 2235 Lucianum
2117 2195 2224 2235 hacc

69 2277 172 2316 mihi
217 2277 259 2317 in
298 2285 500 2332 promptu
540 2285 637 2317 sunt
674 2278 893 2332 exempla:
939 2276 1013 2332 πρὸ
1044 2277 1189 2318 πολλοῦ
1220 2279 1296 2332 τῆς
1326 2276 1469 2331 ἑορτῆς
1500 2275 1680 2317 Crunos.
1716 2278 1777 2315 14.
1812 2275 1892 2315 111.
1924 2278 2018 2315 39⁴5.
2069 2271 2114 2315 οὐ
2146 2272 2219 2328 πρὸ

69 2356 220 2397 πολλῶν
248 2345 406 2413 ἡμερῶν
436 2357 505 2398 τοῦ
535 2353 800 2412 τολμήματος
832 2357 899 2398 De
933 2357 1061 2399 Mort.
1094 2357 1272 2411 Pei-egr.
1301 2359 1334 2396 1.
1359 2356 1441 2396 111.
1465 2358 1560 2395 326.
1613 2351 1688 2409 πρὸ
1721 2355 1825 2395 δυοῖν
1855 2353 1958 2395 ἐτοῖν
1988 2354 2064 2409 τῆς
2093 2355 2224 2395 τελευ-

68 2435 141 2489 τῆς
173 2436 279 2476 fiacr.
314 2438 376 2475 12.
410 2435 490 2475 III.
526 2439 638 2488 216.;
686 2451 782 2476 cum
823 2437 1013 2492 simplici
1054 2438 1297 2491 genetivus
1329 2434 1402 2490 προ
1445 2435 1557 2476 ἐννέα
1588 2432 1729 2489 σχεὸὲν
1760 2431 1917 2489 ἡμερῶν
1948 2433 2037 2484 (IX
2069 2433 2224 2473 diebus

70 2515 184 2566 ante)
218 2514 363 2569 Fugit.
396 2518 462 2555 44.
494 2515 576 2555 III.
607 2518 724 2566 3634
775 2525 981 2573 sequente
1012 2517 1462 2571 genetivoinfinitivi,
1508 2530 1591 2555 non
1624 2514 1901 2554 substantivi:
1947 2509 2021 2566 πρὸ
2055 2513 2152 2566 μιᾶς
2182 2509 2226 2552 δὲ.

69 2593 185 2634 τοῦτο
219 2595 290 2634 τοῦ
320 2592 522 2642 ,ἳῖεσπίζειν
553 2593 727 2648 ἐγίγνετο
760 2594 884 2635 Alex.
918 2598 984 2635 46.
1018 2595 1074 2636 lI.
1108 2598 1337 2644 252—53.;
1384 2611 1463 2635 nec
1496 2603 1702 2648 sequente
1735 2595 1867 2633 altero
1899 2593 2116 2646 genetivo,
2150 2591 2225 2632 sed

70 2687 147 2727 pro
179 2687 229 2713 eo
261 2674 474 2727 particula
510 2675 842 2729 comparationis
873 2671 900 2729 ἥ
932 2690 1028 2715 cum
1063 2660 1195 2716 vei-bo
1227 2676 1361 2723 finito,
1395 2675 1519 2728 quasi
1553 2688 1636 2714 non
1658 2671 1731 2728 πρό
1755 2673 1829 2712 sed
1850 2669 2040 2725 πρότερον
2063 2672 2223 2711 dictum

72 2761 204 2792 essct:
236 2748 309 2792 οὐκ
339 2749 501 2802 ἀνάξιος
532 2749 582 2794 ὢν
610 2751 684 2807 πρὸ
713 2754 859 2795 πολλοῦ
890 2749 1114 2796 ἀποξτανείν
1143 2752 1171 2810 ἢ
1201 2756 1377 2795 τοιαῦτα
1407 2750 1642 2808 ἐρ’ᾇητόρευε
1674 2753 1741 2793 De
1767 2752 1862 2791 hist.
1887 2766 2053 2792 consor.
2078 2753 2142 2791 26.
2167 2750 2224 2790 ΙΙ.

70 2834 152 2881 ξ35.,
185 2846 269 2885 quo
300 2832 372 2872 vix
407 2832 643 2886 quidquam
676 2834 886 2873 audacius
919 2834 1003 2874 dici
1038 2835 1175 2890 possit
1206 2842 1335 2888 atque
1368 2833 1476 2874 adeo
1508 2833 1674 2883 durius,
1707 2833 1742 2872 si
1776 2831 1949 2885 quidem
1986 2831 2225 2871 infinitivus

72 2907 297 2965 ῥητορεύειν
327 2911 450 2963 sequi
483 2911 681 2952 debebat.

939 3001 992 3055 2)
1042 3017 1137 3045 cum
1170 3003 1356 3045 dativo.-

73 3179 169 3226 post
199 3171 379 3212 verbum
412 3169 580 3227 φεύγειν.
641 3173 743 3215 Scio
789 3173 991 3227 equidem
1037 3182 1134 3229 post
1178 3173 1359 3214 verbum
1393 3174 1592 3215 motionis
1624 3172 1664 3214 ἐν
1693 3171 1907 3213 interdum
1940 3171 2137 3227 reperiri,
2182 3178 2228 3210 ut

72 3259 169 3304 post
198 3248 352 3291 πίπτειν
384 3252 450 3291 vel
484 3252 575 3304 ejus
608 3253 859 3307 composita.
919 3253 1038 3294 Luc.
1062 3261 1157 3308 post
1188 3250 1357 3308 φεύγειν,
1389 3253 1706 3307 significatione
1729 3250 1948 3299 exulandi,
1971 3251 2108 3291 solum
2132 3265 2228 3290 ver-

1901 3330 1958 3371 ἵ*
