2456 3501
1225 107 1312 153 28

203 275 244 315 in
281 270 522 329 parenthesi
563 274 835 318 mci-noratur,
882 267 1152 321 alterumque
1189 282 1243 309 ex
1274 266 1535 322 Thucydide
1570 270 1603 310 1.
1639 271 1701 310 12.
1747 266 1955 325 ἦἘλλὰς
1984 269 2044 312 ἔτι
2072 265 2344 324 μετανίστατό

201 367 247 395 τε
276 349 347 394 καὶ
376 346 637 406 κατῳκίζετο,
669 346 768 390 ὥστε
798 342 856 402 μὴ
885 342 1190 402 ἦσυχοίσασαν
1220 342 1473 403 αὐξηὲῖῆναις
1505 347 1582 388 sed
1613 348 1682 389 hic
1714 349 1889 402 quidem
1912 348 2034 389 Imm.
2060 348 2230 389 bekker
2249 344 2344 404 ἠσυ-

199 429 366 486 χάσασα
395 429 583 483 scripsit.
641 426 713 467 An
744 427 1059 479 conjectura?).
1118 422 1216 479 προς
1244 423 1321 481 γὰρ
1359 427 1417 482 τῷ
1446 423 1677 482 χρηστοὺς
1705 425 1780 469 καὶ
1822 424 2154 483 φιλανὲῑρώπους
2184 424 2345 470 ἀκούειν

201 507 273 552 καὶ
300 510 369 550 τοῦ
401 506 646 563 φῗςονεῖσῗαι
676 501 741 549 ὑπ’
766 501 897 548 αὐτῶν
927 503 1002 556 ἔξω
1031 502 1256 559 γενήσεσῖςε
1288 504 1369 560 Ep.
1393 504 1483 546 Sat.
1514 508 1581 546 33.
1615 505 1696 547 111.
1718 509 1813 548 413.
1863 506 2154 548 Tolerabilius
2180 507 2270 560 jam
2301 508 2344 547 in

200 589 389 630 oratione
419 586 611 639 obliqua,
643 593 771 638 atquc
802 585 844 625 in
877 585 1078 625 antithesi
1111 586 1186 635 (cf.
1209 585 1351 639 Kriig.
1374 586 1440 625 55.
1463 587 1500 625 2.
1522 586 1561 625 3.
1597 585 1746 626 Madv.
1769 588 1800 639 ᾧ.
1827 589 1944 638 lom:
1976 585 2131 641 ἔφασκε
2162 583 2272 637 ἄλλα
2299 599 2346 628 τε

198 663 325 708 πολλὰ
366 664 613 720 γεγενῆσῗῖαι
657 660 802 705 ἀστεῖα
845 661 918 705 καὶ
955 661 1003 719 δὴ
1043 661 1117 705 καί
1153 661 1329 714 κάλλους
1365 661 1547 719 ἐγκώμια
1585 662 1788 719 εἰρῆσῗςαι,
1822 662 1849 706 ἃ
1881 665 2030 707 ἐκεῖνον
2061 666 2132 718 (ad
2165 666 2344 720 subject.

199 748 350 802 ἔφασκε
381 745 619 801 [10111110115ς
652 751 843 784 ceterum
875 743 1170 784 animadverte
1202 759 1394 799 pronom.
1427 742 1576 793 ἐκεῖνος
1605 758 1684 798 pro
1715 740 1840 794 αὐτός
1866 752 2155 801 usurpatum.)
2186 743 2259 800 μὲν
2289 743 2337 800 μὶ

199 824 402 868 δύνασῖῖαι
431 822 567 874 εἰπεῖν,
597 820 641 864 σὲ
671 818 701 863 δ’
722 820 772 864 ἂν
803 820 950 876 ῥαδίως
979 821 1101 863 εἰπεῖν
1131 824 1278 863 Charini.
1312 825 1349 863 2.
1383 822 1464 863 111.
1497 826 1592 863 619.

396 903 484 944 Sed
515 902 838 957 gravissimum,
871 902 987 955 quod
1021 902 1123 942 mihi
1156 903 1198 943 in
1230 902 1532 956 conjungendo
1563 903 1734 943 nomine
1773 918 1870 943 cum
1903 905 2112 945 infinitivo
2145 906 2345 954 occurrit,

197 984 482 1027 nominativus
515 990 579 1022 est
610 982 652 1021 in
686 981 753 1021 his
775 981 986 1036 exemplis
1010 982 1199 1036 positus:
1229 979 1276 1023 τὸ
1309 979 1353 1022 δὲ
1382 980 1455 1023 καὶ
1484 980 1664 1037 Αἰῇίωῴι
1691 984 2003 1036 συνευωχεῖσῒΐαι
2031 982 2106 1025 καὶ
2135 983 2176 1033 ἐς
2206 979 2340 1038 δώδεχ’

195 1062 330 1119 ἡλίους
358 1060 415 1117 μὴ
445 1056 724 1115 ἀφίστασῖἳαι,
769 1056 849 1101 ἀλλ’
873 1056 1256 1115 ὒποβεβρεγμένος
1276 1046 1578 1104 &anabasim
1620 1059 1710 1116 παρ’
1747 1058 1884 1111 αὐτοῖς
1912 1060 2080 1118 πώγωνα
2109 1064 2347 1119 τηλικοῦτον

196 1143 333 1197 ἔχων,
364 1138 438 1183 οὐκ
466 1138 658 1194 αἰσχύνης
679 1137 795 1189 ἄξια;
829 1141 969 1192 l'hilop.
987 1140 1125 1182 4111.
1144 1143 1350 1181 590—91.
1400 1140 1491 1182 Nec
1514 1142 1650 1182 solum
1675 1141 1717 1182 in
1740 1140 2001 1196 philopatri:
2031 1139 2191 1184 πάντων
2211 1139 2261 1185 ἂν
2281 1141 2345 1198 εἴη

195 1218 464 1271 ἀτοπώτατον,
494 1216 716 1274 πέμψαντά
745 1233 836 1260 τινα
865 1217 1167 1274 μεγαλοπρεπὲς
1196 1217 1301 1261 οὕτω
1330 1220 1451 1273 δῶρον
1480 1220 1567 1278 ᾒεῷ
1596 1217 1742 1275 μισῖῑὸν
1771 1219 2027 1275 κομίσασῖἳαι
2055 1219 2101 1265 τὸ
2125 1220 2345 1277 κεκρίσῖἲαι

197 1299 297 1357 μηδὲ.
338 1299 408 1341 τοῦ
445 1295 687 1341 ἀνατιῗΐέναι
724 1296 875 1348 ἄξιος.
913 1297 1038 1338 Phal.
1071 1300 1109 1338 5.
1141 1298 1200 1339 Π.
1233 1301 1327 1340 203.
1386 1298 1454 1340 Ex
1486 1300 1834 1341 adnotationibus
1867 1302 1909 1340 in
1941 1299 2183 1341 Lehmanni
2215 1310 2345 1355 atque

193 1379 423 1421 Jacobitzii
456 1378 720 1419 editionibus
753 1378 880 1418 video
911 1377 1204 1418 Fritzschium
1237 1379 1281 1419 in
1312 1378 1493 1430 Quaest.
1527 1379 1709 1420 Lucian.
1741 1380 2051 1421 nominativum
2077 1380 2344 1428 defendisse;

195 1467 309 1501 certe
340 1458 498 1512 quihus
530 1457 724 1498 Gessner
755 1456 990 1497 defendere
1021 1472 1117 1496 eum
1151 1457 1329 1507 studuit,
1367 1473 1418 1498 ea
1456 1459 1630 1499 minime
1663 1459 1945 1499 satisfaciunt.
2005 1458 2200 1500 Primum
2230 1460 2344 1500 enim

195 1554 304 1593 quae
335 1537 476 1578 attulit
506 1544 579 1577 aut
611 1552 664 1576 ex
697 1536 836 1591 po'e'tis
868 1551 918 1576 ac
948 1551 1002 1576 ne
1035 1535 1193 1576 Atticis
1227 1537 1401 1590 quidem
1434 1545 1507 1578 aut
1537 1553 1590 1578 ex
1619 1536 1789 1579 J011icis
1821 1539 2106 1593 scriptoribus
2129 1547 2201 1578 aut
2222 1538 2345 1578 deni·-

195 1632 277 1671 que
308 1631 359 1657 ex
392 1616 692 1671 scriptoribus,
726 1615 779 1655 de
811 1630 994 1669 quorum
1027 1616 1258 1656 Atticismo
1289 1616 1417 1657 etiam
1450 1617 1590 1671 magis
1623 1631 1751 1670 quam
1783 1616 1969 1658 Luciani
2001 1617 2223 1658 dubitatur
2253 1628 2345 1669 (ve-

194 1697 254 1736 lut
284 1711 336 1736 ex
369 1695 588 1745 Aeliano),
619 1695 835 1749 repetivit,
869 1694 1026 1734 deinde
1065 1695 1264 1735 omnibus
1296 1696 1403 1736 locis
1435 1703 1616 1751 excepto
1647 1711 1734 1743 uno
1764 1696 1937 1736 Aeliani
1970 1696 2076 1736 nihil
2107 1711 2346 1750 agnoscere

194 1790 367 1830 possum
399 1775 482 1814 nisi
514 1773 834 1815 anacoluthum.
895 1773 1126 1824 Quaedam
1157 1775 1286 1814 etiam
1319 1775 1429 1816 falso
1462 1776 1534 1815 ille
1566 1776 1778 1815 intellexit
1809 1774 1936 1827 (Luc.
1970 1774 2086 1816 Som.
2123 1776 2190 1826 1.).

209 1843 211 1845 Ι
392 1853 596 1908 Denique
642 1853 811 1894 duobus
857 1853 964 1893 locis
1012 1854 1249 1894 infinitivus
1288 1854 1393 1894 mihi
1433 1855 1634 1904 occurrit,
1680 1855 1839 1908 quibus
1870 1854 1988 1896 nullo
2019 1862 2146 1909 pacto
2177 1856 2260 1895 nisi
2293 1870 2345 1895 ex

195 1933 440 1988 corruptela
470 1933 681 1988 explicari
713 1946 841 1987 posse
872 1931 1063 1972 videtur:
1096 1931 1132 1973 οἱ
1159 1930 1232 1987 πρὸ
1266 1929 1390 1976 αὐτοῦ
1422 1933 1661 1988 γενέσῇαι
1693 1936 1795 1986 llipp.
1826 1936 1864 1974 3.
1894 1933 1975 1974 111.
1999 1936 2064 1974 68.
2096 1942 2136 1974 et
2165 1927 2245 1983 οἷος
2274 1932 2348 1975 καί

194 2010 400 2067 πράγματι
427 2009 667 2067 χρήσασῗῑαι
697 2008 746 2052 ἂν
776 2008 850 2051 καὶ
877 2007 1036 2066 γνώμην
1066 2009 1375 2068 στρατιωτικὴν,
1408 2009 1514 2054 ἀλλὰ
1536 2010 1644 2067 μετὰ
1665 2014 1741 2068 τῆς
1759 2014 1970 2069 πολιτικῆς
1989 2009 2063 2054 καί
2082 2011 2347 2068 ἐμπειρίαν

196 2089 528 2148 στρατηγικὴν
572 2091 700 2145 ἔχειν
747 2089 817 2130 De
849 2090 946 2130 hist.
980 2105 1145 2134 consor.
1177 2094 1244 2132 37.
1275 2094 1326 2133 Π.
1358 2095 1424 2133 49.
1475 2086 1577 2141 οἷος
1608 2091 1738 2147 ἔχειν
1769 2116 1820 2123 -
1853 2108 1929 2133 cur
1966 2107 2049 2133 non
2089 2093 2347 2147 simpliciter

194 2171 318 2226 ἕχωνῗ)
376 2170 620 2225 Utrumque
658 2172 770 2210 enim
813 2168 1081 2210 habilitatem
1122 2173 1339 2226 exprimit,
1376 2180 1423 2213 ut
1453 2173 1693 2226 tautologia
1723 2173 1792 2215 sit.
1854 2171 2046 2213 Verbum
2077 2172 2260 2212 actionis
2293 2187 2347 2212 ex

194 2244 272 2299 οἷος
302 2250 487 2305 pendere
520 2247 800 2300 debebat,⁴ut
829 2253 1079 2304 στρατηγεῖν.
1139 2250 1211 2291 An
1241 2251 1459 2292 Homerus
1492 2251 1707 2305 analogon
1738 2251 1882 2293 offert:

725 2323 786 2369 Οὐ
815 2326 893 2384 γάρ
922 2326 985 2369 τοί
1015 2328 1062 2370 σε’
1088 2344 1134 2383 γε
1164 2333 1269 2371 τοῖον
1300 2329 1481 2386 ἐγείνατο
1512 2328 1657 2372 πότνια
1686 2328 1822 2387 μήτηρ

726 2400 821 2449 Οἷόν
851 2421 896 2448 τε
927 2406 1080 2463 ῥυτῆρα
1109 2410 1195 2461 βιοῦ
1227 2406 1264 2452 τ’
1301 2410 1438 2465 ἔμεναι
1468 2407 1542 2451 καί
1572 2410 1740 2452 οϊστῶνὶ)

1051 2554 1113 2603 111.
1159 2557 1214 2605 De
1245 2557 1480 2618 Partioipio.
1569 2561 1603 2606 ³?-

392 2657 629 2713 Complura
660 2672 913 2713 proponam,
962 2671 1073 2711 quae
1104 2658 1306 2700 licentius
1339 2659 1455 2701 dicta
1486 2667 1606 2710 sunt3
1654 2675 1755 2701 num
1793 2659 1922 2700 etiam
1954 2659 2170 2710 licentius,
2217 2674 2346 2714 quam

192 2753 303 2791 quae
335 2752 521 2791 unquam
553 2737 719 2790 antiqui
750 2742 926 2791 possent
956 2751 1184 2791 usurpare,
1216 2753 1302 2780 non
1333 2739 1497 2792 ubique
1530 2741 1669 2781 ausim
1701 2737 1953 2792 dijudicare.

916 2812 963 2865 1)
1011 2814 1330 2858 Nominativus
1363 2818 1613 2859 absolutus.

390 2893 512 2935 Conf.
545 2894 598 2935 de
631 2911 681 2938 eo
712 2893 852 2947 Kriig.
885 2894 951 2934 56.
983 2897 1019 2936 9.
1042 2899 1081 2937 4.
1143 2895 1229 2937 Pro
1261 2897 1518 2938 anacolutho
1550 2897 1807 2953 plerumque
1839 2896 2080 2946 habendus,
2111 2905 2177 2937 ut:
2209 2892 2275 2952 ἀφ’
2296 2887 2348 2952 ἧς

195 2969 376 3022 ἀναστὰς
406 2971 579 3024 ἕκαστος
608 2970 710 3018 abab
739 2978 902 3031 λουτροῦ
931 2974 1065 3032 χρεῖός
1095 2975 1202 3017 ἐστιν
1235 2976 1296 3027 (111
1328 2983 1468 3016 mente
1500 2976 1707 3017 habebat:
1739 2976 1887 3025 δεῖται)
1919 2978 2039 3016 Amor.
2071 2978 2140 3019 42.
2168 2976 2218 3016 II.
2248 2977 2346 3016 445.

189 3051 370 3101 Durius,
401 3060 448 3092 ut
480 3053 550 3092 vix
581 3055 754 3095 credam
787 3056 1064 3109 antiquorum
1096 3068 1356 3108 quemquam
1389 3070 1595 3096 ausurum
1625 3055 1784 3095 fuisse:
1816 3051 1924 3109 μετὰ
1954 3047 2061 3097 ὃόὖν
2091 3051 2166 3110 τὴν
2190 3052 2348 3111 ἐπῳδὴν

190 3127 274 3182 τρὶς
303 3127 353 3171 ἄν
384 3145 458 3184 μου
489 3129 588 3185 πρὸς
616 3130 662 3174 τὸ
693 3130 898 3187 πρόςωπον
918 3129 1156 3182 ἀποπτύσας
1178 3140 1274 3188 (pro
1297 3131 1447 3174 ἐκείνου
1470 3129 1809 3184 ἀποπτύσαντος),
1830 3131 2019 3189 ἐπανῄειν
2037 3132 2164 3176 πάλιν
2184 3134 2345 3184 (animo

193 3217 495 3264 praeceperat:
527 3208 704 3266 ἐπανῆγέ
731 3226 794 3266 με,
826 3227 938 3266 quae
969 3213 1060 3254 tere
1091 3211 1225 3254 verba
1256 3212 1460 3253 inferiore
1492 3213 1639 3268 paullo
1670 3213 1765 3254 loco
1796 3221 2026 3254 occurrunt
2061 3237 2112 3244 —
2145 3227 2207 3253 sc.
2231 3210 2349 3254 ε’παν-
