2456 3501
1122 119 1198 162 19

758 284 866 334 post
895 291 1143 333 pronomen
1172 278 1572 331 z’nteae'·2·09atimmn.·

294 359 420 401 ἐκεῖνο
458 358 596 401 τοίνυν·
622 356 704 401 ἅνω
740 373 785 400 τε
826 354 1131 412 ἀναῤῥιπτοῦσιν
1153 355 1240 398 Ικαὶ
1275 356 1317 406 ἐς
1350 354 1397 398 τὸ
1427 354 1572 411 πόρβωι,
1606 353 1716 405 ὅστις
1745 354 1810 396 ἐπὶ
1840 353 2038 411 μήκιστον
2068 354 2227 407 ἐξέλῇοι

96 441 194 495 (pro
214 439 310 479 ind.
339 439 418 478 fut.
449 435 693 493 ἐφίξεταιῖ).

296 516 542 558 Dicendum
573 518 701 557 etiam
729 516 916 565 videtur,
949 531 1014 555 me
1047 516 1089 555 in
1121 522 1243 570 parte
1274 522 1438 556 tantum
1469 516 1679 556 librorum
1711 515 1912 569 exempla
1941 513 2068 567 hujus
2098 515 2233 555 licen-

96 597 194 644 tiae,
225 595 322 636 djco
355 596 534 651 optativi
566 610 644 650 pro
675 595 946 649 conjunctivo
977 595 1044 634 vel
1077 595 1324 644 indicativo,
1365 595 1618 649 praesertim
1650 608 1727 648 pro
1759 594 1846 642 illo,
1876 594 2072 647 usurpati
2105 593 2235 634 colle-

95 675 228 728 gisse,
273 675 376 728 quia
406 675 580 729 saepius
611 682 853 723 occurrunt,
901 688 1030 726 quam
1063 688 1174 726 quae
1206 673 1447 713 enumerari
1479 673 1658 727 possint,
1698 687 1776 712 nee
1808 672 2045 712 secundum
2077 680 2237 712 certam

96 753 311 806 quandam
343 754 569 805 rationem;
617 768 701 807 quo
735 753 875 806 magis
911 767 1051 807 spero,
1099 766 1227 805 quam
1260 767 1389 807 saepe
1435 752 1479 792 in
1518 765 1689 805 quoque
1721 752 2045 791 enunciatorum
2076 765 2236 804 genere

98 832 205 873 illud
236 832 469 872 admissum
502 841 627 881 esset,
660 846 726 872 me
757 832 1015 885 cognovisse
1049 831 1429 885 cognoscendique
1461 831 1631 885 copiam
1661 831 1832 870 fecisse.

567 934 610 982 c)
656 931 901 987 Optativus
934 945 1027 972 cum
1060 929 1109 972 ἅν
1137 945 1226 985 pro
1260 930 1548 986 conjunctivo
1582 944 1677 971 cum
1708 927 1769 972 ἄν.

299 1019 451 1072 >misere
483 1019 633 1072 αὐτόὺς
662 1019 774 1064 κατὰ
802 1019 877 1075 τὴν
907 1017 1027 1072 ἀξίαν
1058 1019 1242 1072 ἕκαστον,
1273 1017 1324 1070 ὡς
1354 1018 1402 1062 ἂν
1433 1019 1531 1076 ὕλης
1559 1019 1585 1075 ἢ
1617 1020 1762 1075 τέχνης
1792 1019 1875 1074 ἔχοι
1904 1019 2008 1076 Jup.
2040 1019 2171 1074 Trag.
2205 1023 2242 1061 7.

99 1101 156 1141 ΙΙ.
189 1102 281 1142 650.
331 1103 397 1142 νῦν
427 1099 498 1155 μὲν
529 1098 677 1155 ἀναμὶξ
706 1098 971 1153 καῖΐιζόντων,
1005 1097 1087 1143 gv&
1124 1098 1174 1142 ἂν
1204 1099 1376 1149 ἕκαστος
1406 1100 1544 1142 ἐῗῖέλοι
1582 1100 1639 1140 ib.
1675 1102 1738 1139 12.
1770 1115 1811 1155 p.
1845 1101 1938 1139 655.
1997 1099 2144 1140 Minus
2176 1100 2240 1140 of-

97 1181 303 1221 fensionis
335 1181 477 1229 habet,
511 1181 709 1234 quamvis
741 1197 823 1222 non
856 1182 947 1221 sine
979 1181 1154 1221 lieentia
1176 1180 1337 1220 dictum
1361 1180 1426 1229 sit,
1460 1180 1562 1220 hoc:
1593 1175 1640 1228 ὃς
1670 1174 1704 1219 δ’
1729 1176 1777 1219 ἂν
1807 1170 1873 1219 οὖν
1902 1179 2038 1221 ταῦτα
2066 1178 2244 1232 καταγέ-

98 1256 234 1301 λαστα
270 1255 368 1302 ὅντα
406 1256 461 1314 μὴ
504 1257 638 1313 οἴηται
679 1256 816 1315 ἀληῗῑῆ
856 1255 976 1310 εἶναι,
1021 1256 1102 1300 ἀλλ’
1139 1257 1341 1314 ἐμφρόνως
1379 1256 1428 1300 ἂν
1464 1255 1662 1309 ἐξετάζων
1690 1259 1827 1299 ταῦτα
1858 1256 2053 1315 Κοροίβου
2081 1255 2188 1307 τινος
2217 1254 2243 1312 ἢ

55 1353 61 1357 “
100 1337 309 1393 Μαργίτου
339 1338 542 1393 νομίζοι,
574 1338 770 1394 Philops.
803 1341 842 1380 3.
872 1339 955 1380 III.
987 1342 1076 1388 32.;
1110 1339 1179 1379 hic
1211 1340 1323 1379 enim
1357 1339 1574 1393 optativus
1606 1338 1809 1393 apodosis
1841 1346 1904 1377 est
1937 1337 2246 1378 condicionalis

101 1419 340 1473 participii:
373 1416 580 1470 ἐξετάζων,
613 1418 727 1472 quod
760 1427 980 1473 protaseos
1012 1419 1153 1459 locum
1187 1417 1315 1458 habet
1348 1426 1422 1467 (Ξ
1453 1415 1487 1458 εἰ
1517 1414 1727 1468 ἐξετάζοι).

301 1495 402 1538 Huc
434 1499 559 1538 etiam
592 1499 752 1538 referre
783 1497 889 1538 libet
919 1499 1158 1553 optativum
1181 1504 1276 1552 post
1300 1497 1620 1550 conjunctiones
1645 1511 1741 1537 cum
1765 1494 1814 1537 ἄν
1836 1497 2095 1552 compositas
2116 1511 2244 1537 usur-

102 1587 263 1632 patum,
301 1577 381 1616 etsi
413 1577 615 1629 equidem
647 1577 788 1626 credo,
838 1577 906 1618 bic
939 1578 1078 1631 magis
1111 1575 1158 1618 ἄν
1190 1578 1448 1632 particulam
1480 1577 1713 1617 admissam
1747 1590 1874 1630 quam
1908 1577 2146 1631 optativum
2178 1591 2246 1616 re-

103 1656 371 1712 prehendun]
404 1670 511 1695 esse.
573 1654 775 1696 Ceterum
807 1671 891 1697 non
923 1657 1076 1710 ignoro
1108 1657 1188 1697 hoe
1222 1658 1349 1696 etiam
1382 1656 1498 1711 apud
1531 1657 1730 1709 antiquos
1763 1656 1975 1695 interdum
2008 1670 2247 1696 occurrere.

103 1735 170 1777 Cf.
202 1734 350 1776 Madv.
385 1737 477 1783 132,
511 1735 549 1774 b.
583 1734 709 1776 Anm.
748 1734 925 1790 Optime
967 1735 1073 1775 Mat.
1112 1737 1143 1787 ξ.
1176 1736 1269 1775 521.
1302 1735 1356 1776 Α.
1391 1737 1455 1784 1.;
1499 1737 1641 1775 minus
1680 1735 1791 1775 bene
1829 1733 1934 1776 Rost
1965 1736 1995 1786 ξ.
2030 1737 2121 1775 121.
2154 1736 2178 1775 5
2209 1743 2250 1775 et

105 1817 197 1855 123.
230 1817 282 1864 2.,
329 1815 402 1868 qui
434 1829 574 1867 neque
605 1814 812 1856 dialectos
845 1815 1084 1868 distinguat
1128 1829 1269 1868 neque
1314 1823 1359 1854 ut
1391 1815 1444 1855 de
1481 1815 1736 1869 exceptione
1768 1822 1883 1868 agat,
1930 1813 2005 1854 sed
2036 1821 2077 1854 et
2108 1813 2178 1853 hic
2209 1820 2250 1854 et

104 1895 201 1934 aliis
232 1894 338 1934 loeis
370 1895 645 1948 exceptiones
677 1909 759 1934 non
793 1895 932 1934 minus
965 1909 1092 1948 quam
1125 1909 1206 1943 res,
1240 1909 1351 1947 quae
1382 1894 1689 1934 usitatissimae
1722 1900 1832 1942 sunt,
1865 1893 1919 1933 ad
1950 1886 2070 1946 leges
2093 1908 2250 1948 perpe-

107 1982 202 2014 tuas
235 1987 571 2025 communesque
602 1988 806 2013 revocare
839 1973 1021 2013 studeat.
1071 1972 1211 2014 Miror
1237 1973 1488 2026 Kriigerum
1519 1988 1572 2012 ne
1604 1972 1737 2014 verbo
1770 1972 1942 2026 quidem
1977 1972 2085 2012 hanc
2117 1972 2250 2013 lieen-

106 2054 206 2092 tiam
253 2053 470 2106 attigisse3
519 2052 656 2091 solum
702 2052 853 2102 forma,
900 2054 942 2092 in
982 2067 1109 2106 quam
1150 2060 1430 2108 praeceptum
1471 2053 1523 2092 de
1555 2053 1872 2094 construetione
1903 2052 2250 2104 conjunctionum

107 2131 405 2186 temporalium
450 2131 632 2185 redegit,
681 2131 1039 2185 significationem
1087 2132 1302 2185 quandam
1336 2132 1461 2185 hujus
1493 2132 1654 2171 abusus
1685 2132 1843 2172 fecisse
1875 2130 2045 2171 videtur
2076 2130 2149 2180 (ef.
2183 2132 2249 2170 54.

108 2210 172 2249 15.
205 2210 275 2260 4.).
334 2209 558 2250 Lucianus
604 2210 898 2265 exemplorum
945 2207 1071 2264 hujus
1118 2211 1447 2252 constructionis
1488 2226 1665 2252 numero
1696 2212 1947 2265 longissime
1979 2211 2252 2263 antiquorum

108 2289 323 2329 licentiam
355 2291 597 2329 excessisse
627 2290 860 2344 reperitur:
891 2287 950 2346 ἦν
979 2286 1038 2346 μὴ
1067 2288 1275 2345 καλύψαις
1304 2288 1377 2331 καὶ
1406 2286 1598 2344 ῗςεράπων
1629 2288 1833 2344 ἐπιφοροίη
1869 2289 1994 2344 Disp.
2028 2304 2062 2329 e.
2086 2287 2191 2329 Hes.
2214 2291 2252 2328 7.

109 2366 190 2407 ΙΙΙ.
223 2369 315 2408 245.
365 2365 413 2422 ἦν
443 2381 503 2417 τις
533 2367 737 2424 συντιῖΐείη
771 2369 838 2409 De
870 2369 966 2410 hist.
999 2385 1163 2410 consor.
1197 2372 1233 2410 5.
1266 2369 1324 2410 ΙΙ.
1358 2372 1395 2409 7.
1446 2366 1495 2410 ἄν
1524 2383 1621 2410 ποτε
1651 2366 1723 2409 καὶ
1754 2368 1834 2409 δέοι
1880 2370 1936 2408 As.
1969 2370 2035 2408 30.
2067 2367 2125 2408 ΙΙ.
2158 2371 2251 2409 599.

107 2444 157 2501 ἢν
187 2444 273 2501 δοίη
305 2448 466 2499 Necyom.
502 2450 564 2487 12.
589 2447 621 2488 Ι.
645 2451 738 2488 474.
788 2445 838 2504 ἥν
867 2462 929 2497 τις
959 2445 1205 2503 ὑποκρίνοιτο
1239 2447 1353 2490 Pise.
1376 2451 1442 2489 33.
1465 2448 1497 2488 Ι.
1523 2450 1615 2488 602.
1666 2445 1716 2504 ἢν
1748 2445 1917 2489 ἐπιλίποι
1948 2444 2017 2487 De
2039 2446 2177 2488 Mere.
2201 2446 2251 2488 C.

110 2527 176 2565 26.
207 2524 241 2565 Ι.
273 2527 366 2566 684.
416 2523 486 2567 ἐὰν
514 2525 826 2581 καταχῖτείημεν
858 2528 951 2580 (sed
985 2543 1068 2569 non
1098 2529 1140 2568 in
1173 2528 1371 2569 omnibus
1403 2528 1542 2578 libris)
1577 2526 1628 2570 V.
1661 2527 1774 2568 Hist.
1808 2529 1872 2568 29.
1905 2526 1963 2567 ΙΙ.
1999 2528 2091 2567 126.

310 2603 429 2646 ἐπὰν
460 2602 645 2647 ἀπολίποι
675 2607 793 2647 Dial.
826 2607 935 2647 Mer.
967 2609 1005 2648 4.
1038 2610 1075 2648 5.
1107 2607 1190 2648 ΙΙΙ.
1224 2609 1317 2648 288.
1369 2604 1469 2648 ἐπὰν
1500 2605 1749 2660 εἰςέλῖῑοιμεν
1780 2607 1833 2646 As.
1865 2608 1932 2647 37.
1964 2605 2021 2646 ΙΙ.
2055 2607 2147 2645 605.

311 2682 504 2725 ἐπειδὰν
534 2683 721 2741 ιὲελήσειε
751 2688 869 2726 Λιιιον.
898 2688 960 2727 16.
984 2686 1042 2727 ΙΙ.
1065 2689 1159 2727 415.
1206 2683 1369 2728 ἐπειδὰν
1397 2685 1520 2741 ἴδοιμι
1551 2690 1604 2727 As.
1629 2689 1692 2729 21.
1716 2685 1777 2726 ΙΙ.
1795 2685 1888 2726 588.
1935 2681 2096 2726 ἐπειδὰν
2125 2698 2254 2725 κατα-

110 2760 279 2817 κόψειαν
309 2765 363 2803 As.
385 2765 451 2804 37.
477 2763 534 2804 ΙΙ.
553 2767 646 2805 605.
693 2761 854 2807 ἐπειδὰν
885 2763 1141 2821 ἀποδείξαιμι
1173 2767 1252 2818 (sie
1286 2766 1402 2821 quid.
1427 2767 1469 2806 in
1491 2770 1698 2814 manuss.)
1731 2764 1796 2805 De
1822 2763 1969 2804 Pau-as.
1993 2765 2058 2804 26.
2081 2762 2138 2803 ΙΙ.
2161 2764 2255 2803 856.

313 2838 468 2883 ἔστ-’ἂν
497 2841 580 2899 εἴην
612 2845 659 2884 {le
689 2846 778 2884 San.
811 2846 849 2884 5.
883 2844 940 2885 11.
973 2847 1065 2886 270.
1116 2842 1268 2888 ἔστ’ἂν
1299 2844 1481 2899 πείσαιμι
1511 2847 1566 2885 As.
1599 2847 1664 2885 54.
1696 2843 1754 2884 ΙΙ.
1788 2846 1881 2884 622.

313 2918 494 2964 ὁπόταν
530 2920 726 2974 βιάζοιντο
771 2922 882 2964 Tim.
914 2926 981 2965 39.
1014 2925 1047 2966 Ι.
1081 2926 1172 2966 151.
1223 2921 1374 2968 ὁπόταν
1412 2922 1592 2979 φαίνοιτο
1632 2923 1846 2975 (Dindorf
1879 2922 2148 2978 approbante
2178 2920 2257 2963 Ja-

113 3000 298 3042 cobitzio
329 3001 489 3054 eenjee.
521 2997 655 3053 ὁπότε)
687 3002 856 3044 Anaeh.
888 3005 954 3044 30.
989 3004 1045 3045 II.
1077 3004 1225 3055 912*).

315 3135 353 3187 *)
384 3132 535 3177 ὁπόταν
565 3152 649 3178 eum
680 3141 912 3189 indicative,
939 3142 1053 3191 quod
1085 3143 1148 3180 vix
1179 3142 1372 3181 Graecum
1405 3141 1468 3190 (ef.
1502 3143 1602 3181 Mat.
1636 3144 1728 3180 521.
1766 3145 1798 3180 1.
1823 3142 1873 3179 A.
1901 3143 1934 3178 1.
1971 3140 2096 3189 Not),
2128 3144 2259 3177 tamen

115 3207 153 3243 in
184 3207 407 3257 Philopatri
439 3207 665 3245 foedissime
697 3210 846 3259 scripto
879 3210 947 3248 illo
980 3210 1082 3249 libro
1117 3211 1159 3249 C.
1194 3213 1258 3248 26.
1292 3210 1365 3248 III.
1402 3212 1495 3249 615.
1528 3211 1736 3249 invenitur.

1932 3283 1993 3324 4*
