2456 3501
1218 109 1298 153 lo

189 272 278 317 ἀντὶ
305 276 380 330 τῆς
408 269 538 326 κόμης
567 267 662 319 τοὺς
690 264 919 322 δράκοντας
948 265 1222 323 βοστρυχηδὸν
1249 267 1469 323 περιέκειτο
1500 268 1696 325 Philops.
1719 271 1784 311 22.
1808 270 1889 311 ΙΙΙ.
1912 272 1978 314 50.
2028 266 2076 313 σὺ
2095 267 2168 324 μὲν
2186 270 2336 323 χρυσῦν

188 351 339 409 δάφνην
366 350 587 405 περίκεισαι
617 349 729 390 Adv.
762 348 856 388 Iud.
891 349 953 388 10.
986 346 1069 388 ΙΙΙ.
1102 350 1193 388 109.
1243 351 1377 402 μεῖζον
1404 353 1644 402 προσωπεῖον
1672 349 1944 404 περικείμενος
1974 348 2098 405 Nigr.
2124 351 2187 390 11.
2210 348 2247 390 1.
2269 350 2336 389 50.

390 430 587 470 Aliorum
621 427 890 482 quorundam
921 427 1153 467 verborum
1184 442 1268 468 non
1299 428 1484 468 usitatae
1516 430 1877 470 constructiones:
2215 441 2218 445 ’
2314 441 2316 444 ’

386 505 618 557 σπουδάζειν
648 522 683 547 e.
717 507 802 546 dat.
834 512 880 546 ut
910 505 1157 556 ‚‚studere“‚
1196 513 1243 545 ut
1274 506 1517 546 latinismus
1548 507 1652 547 mihi
1691 522 1785 548 esse
1824 509 2034 549 videatur.
2094 504 2335 562 φιλοσόφους

188 587 407 644 παρασιτίᾳ
437 583 744 634 σπουδάσαντας
774 583 910 635 ἔδειξα
942 584 1011 625 De
1043 583 1193 625 Parus.
1225 586 1291 625 37.
1324 584 1382 625 ΙΙ.
1415 587 1509 625 862.
1568 585 1713 626 Attice
1745 587 1856 626 enim
1889 602 1986 628 cum
2018 587 2338 642 praepositione

188 667 276 723 περί
306 668 369 708 vel
402 664 466 707 ἐπί
496 666 785 719 conjungitur.
846 664 935 705 Sed
966 666 1253 718 posteriorum
1287 664 1360 705 alii
1391 665 1534 714 etiam,
1567 672 1612 704 ut
1643 664 1918 716 Plutarchus,
1952 666 2097 707 dativo
2127 666 2195 706 usi
2227 672 2338 714 sunt,

191 759 317 800 atque
349 745 455 786 adeo
487 759 712 800 personae.

387 820 610 877 ὕποδύομαι
641 838 677 863 e.
709 824 809 871 dat„
842 822 957 876 quod
990 830 1228 864 ceterorum
1260 823 1376 878 apud
1399 826 1547 878 poetas
1570 824 1683 864 solos
1704 839 1890 878 raroque
1911 825 2143 880 reperitur:
2176 820 2338 866 ὒποὸύε-

187 920 255 946 ται
283 907 373 953 ταῖς
401 904 552 958 ψυχαῖς
583 899 686 958 ὁρμή
718 902 886 944 Anaoh.
917 905 983 942 37.
1017 902 1074 944 ΙΙ.
1107 904 1200 945 918.
1249 903 1303 958 τῇ
1333 902 1461 957 πέλτῃ
1493 899 1642 952 ὑποδύς
1684 903 1800 944 Dial.
1834 903 1961 944 Mort.
1992 906 2031 943 3.
2063 903 2097 943 1.
2128 904 2337 944 439-40.

190 986 327 1025 latiam
361 998 457 1023 cum
488 981 544 1031 εἰς
574 983 811 1022 invenitur:
843 978 989 1031 ὑποδὺς
1018 980 1075 1031 εἰς
1103 979 1177 1037 τὴν
1207 980 1429 1024 ἳςάλασσαν
1463 981 1656 1024 Hermot.
1689 984 1753 1024 71.
1788 982 1822 1022 Ι.
1855 984 1949 1023 813.

386 1060 616 1116 προςπίπτω
649 1077 684 1102 e.
718 1076 808 1102 aee.
843 1077 919 1116 pro
951 1062 1113 1111 dativo,
1147 1061 1190 1102 id
1223 1062 1338 1115 quod
1370 1077 1423 1102 ex
1455 1065 1679 1117 poetarum
1708 1076 1790 1102 usu
1813 1071 1888 1102 est.
1926 1058 2094 1116 ’Ἐκτωρ
2124 1059 2198 1103 καὶ
2225 1074 2338 1115 προς-

190 1141 336 1182 πίπτων
366 1138 434 1182 τὸν
458 1137 651 1195 Ἀχιλλέα
680 1138 753 1182 καὶ
783 1138 973 1182 ἱκετεύων
1005 1140 1074 1181 De
1107 1140 1256 1181 Par-as.
1288 1142 1354 1181 46.
1386 1140 1445 1181 11.
1477 1143 1571 1182 871.

1057 1255 1122 1304 Be
1158 1254 1473 1320 temporibus.

390 1356 464 1397 De
496 1355 802 1397 confusione
834 1357 1137 1411 imperfecti
1169 1364 1216 1396 et
1248 1357 1436 1397 aoristi
1469 1357 1519 1396 in
1550 1357 1831 1397 sententiis
1864 1355 2340 1411 condicionalibus.

191 1435 321 1491 Apud
353 1436 551 1489 antiquos
585 1450 757 1489 quoque
790 1436 895 1476 haee
927 1443 1121 1490 tempora
1159 1436 1373 1476 interdum
1414 1437 1593 1477 confusa
1630 1437 1812 1490 reperiri
1855 1451 1935 1477 nec
1973 1435 2210 1476 secundum
2242 1449 2342 1490 pro-

192 1515 326 1569 priam
359 1530 480 1555 suam
514 1515 601 1555 vim
632 1515 929 1568 rationemque
959 1523 1165 1569 usurpata
1188 1517 1279 1568 jam
1311 1515 1489 1569 Kriiger
1521 1517 1568 1567 (ξ.
1592 1517 1658 1556 54.
1693 1518 1756 1555 10.
1779 1517 1803 1554 3
1828 1523 1867 1555 et
1889 1517 1933 1563 5)
1966 1515 2103 1556 docet.
2153 1514 2342 1554 Mirifice

192 1609 292 1634 vero
339 1595 443 1634 haec
489 1594 684 1635 confusio
722 1609 746 1634 a
783 1594 981 1635 Lueiano
1020 1595 1291 1648 frequentata
1322 1603 1399 1644 est,
1446 1605 1492 1634 ut
1523 1595 1715 1649 suspicio
1746 1594 1853 1634 mihi
1885 1594 2098 1643 inciderit,
2144 1593 2343 1634 libertate

194 1674 377 1726 quadam
410 1673 682 1726 antiquorum
716 1673 961 1713 Lucianum
994 1674 1175 1714 abusum
1208 1689 1303 1714 esse
1335 1682 1376 1714 et
1406 1674 1640 1723 Atticismi,
1674 1674 1744 1714 cui
1776 1674 1957 1728 egregia
1987 1675 2097 1714 inest
2119 1673 2342 1721 modestia,

194 1754 393 1792 terminos
425 1741 679 1792 excessisse.

892 1830 930 1871 1.
970 1831 1280 1895 lmperjectmn
1310 1846 1400 1887 pro
1437 1833 1652 1874 Aoristo:

394 1907 484 1952 ἀλλ’
505 1906 580 1952 οὐκ
620 1909 668 1952 ἂν
705 1908 907 1961 ἐδόξαζον,
946 1909 979 1951 εἰ
1017 1908 1074 1967 μὴ
1112 1909 1185 1952 καὶ
1219 1912 1362 1961 ζῶντες
1399 1913 1571 1953 τοιαῦτα
1602 1911 1964 1967 ἐτερατεύεσῖςε
1997 1912 2110 1954 Dial.
2143 1911 2272 1953 Mort.
2304 1913 2343 1953 3.

199 1992 229 2029 1.
264 1990 296 2029 I.
328 1992 422 2030 3239.
483 1987 740 2044 ἀνασχέσῗαι
776 1988 997 2047 ὑπᾴδοντος
1026 1988 1099 2032 καὶ
1133 1990 1412 2046 τερετίζοντος,
1444 1990 1477 2032 εἰ
1508 1989 1551 2032 δὲ
1582 1987 1638 2047 μὴ
1670 1991 1866 2046 ἐπεῖχεν
1896 1989 2029 2042 αὐτὸς,
2068 1990 2163 2041 ἴσως
2194 1989 2244 2032 ἂν
2272 1988 2346 2032 καὶ

194 2066 428 2123 ἐρχουμένου
469 2070 537 2110 De
567 2069 705 2110 More.
738 2069 875 2111 Cond.
909 2073 975 2111 33.
1009 2070 1043 2111 Ι.
1076 2073 1170 2111 692.
1228 2071 1306 2112 τῶν
1336 2069 1408 2125 μὲν
1439 2068 1567 2112 ἄλλων
1597 2069 1692 2120 ἴσως
1724 2069 1773 2113 ἂν
1804 2071 1956 2126 ἔτυχες,
1986 2069 2106 2113 ταυτὶ
2135 2067 2178 2111 δὲ
2207 2067 2343 2125 μάτην

195 2146 242 2189 ἂν
273 2148 435 2203 ἔλεγες
467 2151 566 2189 Dent.
599 2151 683 2188 Enc.
716 2151 781 2189 42.
814 2149 895 2190 III.
929 2152 1022 2190 521.

892 2227 938 2269 2.
972 2230 1187 2270 Aorz‘stus
1216 2243 1307 2284 pro
1342 2229 1641 2285 Imperfecto:

392 2306 452 2357 τίς
482 2305 525 2349 δὲ
554 2312 638 2357 τοῖς
669 2305 854 2364 ἐμπόροις
884 2306 956 2349 καί
986 2313 1071 2358 τοῖς
1092 2308 1418 2364 βιβλιοκαπήλοις
1447 2307 1611 2366 ἤρισεν
1643 2308 1692 2352 ἂν
1712 2310 1800 2365 περὶ
1820 2308 2027 2360 παιδείας,
2058 2309 2341 2351 A‹1v.1n‹1.4.

196 2386 276 2426 ΙΙΙ.
312 2389 400 2427 103.
444 2389 528 2437 πῶς
556 2383 668 2443 ἡμᾶς
698 2386 862 2437 εἰκότως
893 2384 965 2429 οὐκ
996 2385 1044 2430 ἄν
1073 2402 1135 2438 τις
1165 2388 1443 2444 ἐμέμψατο,
1475 2388 1508 2431 εἰ
1537 2391 1724 2432 τοσοῦτον
1754 2390 1913 2444 ἔχοντες
1941 2389 2086 2445 κέρδος
2113 2388 2343 2444 προϊέμεὲΐα

195 2466 325 2505 sinaris!
350 2469 413 2506 27.
438 2466 518 2507 ΙΙΙ.
542 2469 635 2507 634.
687 2465 724 2507 εἴ
750 2481 811 2517 τις
840 2469 946 2511 ἳῑεῶν
974 2465 1048 2524 τὴν
1077 2468 1172 2509 ναῦν
1205 2466 1317 2523 ἄφνω
1347 2466 1447 2524 ἐμὴν
1476 2467 1675 2524 ποιήσειεν
1705 2465 1818 2520 εἶναι,
1850 2464 1928 2511 οἷον
1960 2467 2009 2512 ἂν
2040 2466 2092 2518 ὧς
2123 2465 2343 2524 εὐδαίμονα

195 2543 276 2594 βίον
313 2543 555 2596 ἐπεβίωσα
592 2545 700 2587 Nav.
735 2549 798 2587 13.
831 2547 913 2587 ΙΙΙ.
947 2550 1040 2587 256.
1092 2548 1146 2603 τῇ
1183 2545 1295 2588 πόλει
1334 2546 1377 2588 δὲ
1414 2549 1549 2590 ταῦτα
1578 2547 1768 2603 ἐξαίρετα
1797 2545 1885 2604 παρ’
1922 2548 2018 2603 ἐμοῦ
2051 2545 2264 2605 ὑπῆρξεν
2295 2546 2344 2590 ἄν

194 2622 301 2662 Nav.
335 2626 398 2663 24.
431 2624 511 2665 111.
544 2626 639 2665 264.
697 2630 781 2674 τοῖς
816 2625 943 2680 φίλοις
978 2624 1022 2667 δὲ
1061 2623 1150 2681 ὓμῖν
1185 2626 1312 2668 εἴκοσι
1351 2627 1567 2682 μεδίμνους
1604 2626 1799 2684 ἐπισήμου
1835 2627 1996 2683 χρυσίου
2024 2629 2340 2684 παραμετρῆσαι

196 2701 429 2743 ἐκέλευσα
459 2700 507 2744 ἄν
538 2705 642 2745 ibid.
693 2702 770 2759 ἐγὼ
800 2702 836 2746 δ’
860 2704 894 2747 εἰ
915 2705 986 2760 μέν
1014 2720 1075 2756 τις
1105 2704 1178 2760 ἐμὲ
1207 2709 1282 2761 τῆς
1311 2706 1504 2762 πατρίδος
1519 2710 1709 2764 προτιμᾷ,
1731 2705 1889 2756 τούτοις
1911 2704 2095 2762 ἀργύριον
2116 2705 2187 2762 μὲν
2207 2707 2341 2763 προέ-

196 2795 287 2835 μην
319 2779 366 2821 ἄν
398 2783 496 2822 nem.
527 2785 613 2823 Eue.
644 2785 710 2824 34.
743 2783 824 2824 111.
857 2787 950 2826 516.
1011 2784 1045 2826 εἷ.
1073 2784 1147 2827 καί
1174 2799 1236 2835 τις
1266 2786 1324 2827 ἔτι
1355 2786 1555 2842 σωτηρίας
1583 2785 1695 2837 ε’λπίς
1725 2783 1995 2842 ὑποφαίνοιτο,
2026 2783 2116 2829 οὐδ’
2140 2785 2189 2829 ἂν
2218 2784 2343 2837 οὕτως

198 2858 343 2912 ῥαδίως
372 2860 698 2918 προςηῲάμην
728 2859 812 2905 οὐδ’
848 2856 897 2905 αὖ
930 2862 1148 2919 φάρμακον
1178 2865 1317 2919 ἐγχέαι
1347 2864 1600 2922 ἐτόλμησα
1630 2866 1787 2907 Abdie.
1820 2868 1887 2907 31.
1918 2866 1977 2907 ΙΙ.
2011 2869 2103 2908 185.
2155 2866 2190 2909 εἰ
2220 2867 2267 2909 δέ
2287 2882 2338 2921 ’γε

199 2935 295 2991 πρὸς
331 2935 459 2993 ὀλίγον
496 2936 771 2995 ἀπέσχοντο
803 2944 924 2998 τῆςδε
953 2946 1029 3000 τῆς
1059 2944 1378 2997 ε’ἳῖελοδουλείας,
1426 2943 1500 2987 ούκ
1543 2943 1592 2987 ἂν
1632 2944 1706 2986 οἴει
1735 2945 1870 2988 ἐλῖῖεῖν
1901 2944 1967 2987 ἐπὶ
1995 2944 2074 2996 τὰς
2102 2944 2237 3002 ἓυρὰς
2264 2949 2342 2990 τῶν

200 3019 365 3070 πτωχῶν
401 3015 495 3068 τοὺς
525 3021 750 3071 πλουσίους,
791 3021 914 3076 Nigr.
948 3026 1012 3065 23.
1049 3024 1079 3064 Ι.
1113 3027 1178 3065 61.
1229 3022 1267 3065 εἴ
1294 3024 1342 3078 γέ
1368 3039 1431 3074 τις
1462 3022 1686 3075 ἐπέδειξέ
1713 3039 1779 3079 με,
1810 3024 2104 3079 κατεγίνωσκον
2133 3023 2183 3066 ἂν
2214 3021 2344 3068 αὓτῶν

201 3093 310 3134 Tim.
343 3098 407 3136 27.
439 3097 473 3138 Ι.
509 3100 712 3162 law—241.
762 3098 835 3141 καὶ
871 3097 983 3142 οὐδὲν
1021 3099 1071 3145 ἂν
1107 3103 1230 3157 ἔγωγε
1267 3100 1494 3145 ἀντεῖπον
1531 3104 1723 3145 Hermot.
1757 3106 1822 3144 59.
1855 3104 1888 3145 Ι.
1920 3107 2012 3147 799.
2061 3103 2142 3146 τίσι
2178 3103 2255 3161 γὰρ
2292 3103 2343 3149 ἂν

200 3170 335 3223 ἄλλοις
371 3174 539 3226 ἔδειξα
575 3177 828 3232 παροδεύσας
864 3179 1113 3237 τηλικαύτην
1149 3180 1279 3232 πόλιν,-
1327 3183 1476 3238 Scyth.
1522 3186 1584 3224 10.
1623 3182 1657 3223 Ι.
1699 3184 1792 3223 869.
1845 3181 1879 3225 εἰ
1919 3183 1963 3225 δέ
1998 3197 2060 3234 τις
2084 3182 2342 3242 κυβερνήτης
