2456 3501
1168 135 1206 178 3

118 301 326 342 lectorum
357 305 429 339 aut
459 297 728 351 singulorum
759 302 982 338 auctorum
1012 294 1190 350 propria
1228 294 1325 343 sint,
1364 292 1641 333 imbibantur.
1700 291 1768 333 Ac
1799 292 1835 332 si
1867 290 2099 345 diligenter
2129 297 2263 331 atten-

118 379 321 427 derimus,
353 392 405 417 ne
435 376 650 417 Romanos
684 375 873 429 quidem,
907 388 1089 428 quorum
1121 373 1344 421 sermonis,
1382 372 1551 412 etiamsi
1582 385 1667 412 non
1697 371 1869 426 penitus
1900 385 1998 410 eum
2027 377 2186 419 nosset,
2219 384 2265 410 se

117 473 200 499 non
245 456 395 498 rudem
434 450 583 504 fuisse,
628 456 723 509 ipse
762 456 860 509 (pro
890 454 999 508 laps.
1032 453 1075 492 in
1106 451 1183 492 sal.
1216 452 1280 491 13.
1313 449 1347 491 Ι.
1381 450 1478 502 736)
1492 449 1534 501 *)
1580 456 1773 500 testatur,
1819 448 1873 489 ad
1904 463 2143 490 sermonem
2173 449 2264 502 ejus

119 534 469 577 conformandum
500 533 607 574 nihil
639 533 840 573 momenti
873 532 1078 572 habuisse
1109 531 1391 586 reperiemus.

317 612 518 653 Ceterum
551 627 604 652 ne
636 612 733 665 quis
765 611 925 661 credat,
957 611 1113 660 omnia,
1146 623 1257 663 quae
1288 615 1504 649 utcontra
1525 607 1770 649 Atticorum
1793 608 2001 648 rationem
2024 607 2139 647 dicta
2160 620 2265 646 enu-

118 692 305 741 merabo,
337 692 396 731 ita
426 706 492 730 mc
525 690 694 739 afferre,
726 691 849 744 quasi
872 689 988 744 apud
1010 689 1176 729 nullum
1198 689 1471 742 antiquorum
1494 688 1751 742 scriptorum
1772 701 1962 740 unquam
1984 686 2267 741 reperiantur.

116 770 226 811 Nam
259 771 302 810 in
332 776 448 810 tanta
478 768 745 810 Graecorum
777 776 817 809 et
848 769 1025 822 linguae
1056 774 1097 808 et
1128 767 1348 808 hominum
1379 767 1545 821 ingenii
1575 767 1783 807 facilitate
1815 780 1926 819 quae
1956 765 2126 805 tandem
2157 770 2268 812 sunt,

118 864 229 903 quae
259 849 377 889 nullo
409 849 503 889 loco
535 856 607 888 aut
639 848 752 888 dicta
783 849 866 887 sint
897 854 970 887 aut
1002 846 1088 887 dici
1121 847 1368 901 potuerint?
1419 845 1507 887 Sed
1538 846 1582 885 in
1612 846 1800 885 maxima
1831 845 1906 885 illa
1936 844 2170 885 formarum
2202 843 2269 883 di-

117 928 243 969 cendi
275 928 400 982 eopia
432 935 528 967 sunt
573 941 685 980 quae
716 941 769 966 ex
800 926 951 966 intima
982 927 1159 979 linguae
1190 925 1260 966 vel
1292 925 1466 965 dialecti
1497 933 1650 965 natura
1680 924 1877 978 repetita,
1916 930 2013 964 sunt
2044 937 2154 976 quae
2190 937 2269 977 per

118 1007 397 1047 temeritatem
444 1006 659 1058 quandam
690 1012 850 1045 tentata
887 1012 960 1044 aut
992 1020 1069 1059 per
1099 1005 1186 1044 vim
1218 1005 1396 1058 linguae
1427 1005 1630 1059 imposita
1661 1004 1758 1043 sint.
1817 1002 1909 1043 Nec
1940 1003 2090 1056 optimi
2122 1002 2268 1055 cujus-

117 1087 183 1126 vis
215 1086 398 1126 nationis
430 1093 627 1126 auctores
658 1099 879 1138 nunquam
911 1085 1231 1133 commiserunt,
1270 1090 1317 1123 ut
1348 1098 1425 1138 per
1455 1083 1673 1123 levitatem
1710 1082 1780 1122 vel
1811 1082 2092 1121 temeritatem
2124 1081 2272 1134 aliqua

119 1165 322 1213 dicerent,
370 1178 494 1217 quae,
541 1164 575 1204 si
622 1164 787 1204 acriore
819 1163 986 1216 judicio
1019 1163 1360 1218 perpendissent,
1407 1163 1492 1217 ipsi
1524 1162 1787 1215 rejecissent.
1847 1159 1948 1202 Jam
1981 1161 2017 1200 si
2049 1175 2113 1209 ea,
2159 1174 2271 1213 quae

118 1245 338 1284 rarissime
369 1252 497 1296 atque
528 1250 687 1282 temere
719 1242 834 1282 dicta
865 1257 959 1282 esse
982 1242 1035 1282 ab
1059 1243 1247 1295 antiquis
1270 1242 1483 1290 videntur,
1507 1257 1531 1281 a
1552 1241 1750 1282 Luciano
1770 1240 2120 1294 frequentissime
2141 1253 2269 1278 usur-

118 1330 220 1378 pata
248 1322 476 1376 reperiam,
509 1337 605 1361 eum
636 1321 880 1362 Atticorum
921 1322 1041 1375 leges
1082 1322 1270 1362 violasse
1303 1321 1499 1360 dixerim.
1558 1322 1627 1361 Ac
1657 1335 1711 1360 ne
1743 1321 1813 1360 cui
1845 1321 1889 1359 in
1920 1319 2164 1374 opinionem
2196 1332 2271 1358 ve-

119 1402 220 1451 niat,
251 1402 394 1442 omnia
425 1401 478 1441 de
509 1402 623 1442 omni
653 1416 714 1451 re,
745 1416 856 1455 quae
886 1401 1069 1455 reperiri
1100 1407 1291 1455 possent,
1337 1414 1589 1440 enumerare
1629 1414 1696 1439 me
1728 1399 1928 1454 exempla
1958 1399 2164 1447 voluisse,
2197 1397 2273 1437 sed

120 1490 204 1521 tam
239 1481 384 1530 multa,
416 1488 463 1520 ut
494 1480 599 1533 quid
630 1480 692 1520 rei
724 1488 851 1529 esset,
883 1481 927 1520 in
958 1495 1105 1521 omnes
1136 1486 1281 1535 partes
1313 1479 1551 1519 examinari
1591 1486 1720 1532 atque
1751 1478 1943 1534 perspici
1974 1484 2132 1532 posset.
2192 1476 2272 1516 At-

121 1575 204 1613 que
236 1575 346 1614 quae
377 1575 429 1600 ex
461 1560 726 1614 etymologia
756 1560 948 1609 afferam,
979 1574 1064 1600 uno
1097 1558 1295 1613 exemplo
1327 1559 1535 1613 probasse
1570 1558 1673 1598 satis
1706 1556 1888 1606 habebo,
1912 1572 2008 1597 eum
2031 1557 2067 1596 si
2091 1556 2143 1595 de
2166 1556 2273 1596 scri-

120 1647 247 1694 ptura
276 1654 358 1679 non
389 1639 625 1688 dubitatur,
658 1639 701 1679 in
732 1638 798 1679 his
829 1654 898 1679 res
930 1640 989 1679 ita
1021 1639 1198 1679 definita
1228 1639 1282 1678 sit
1312 1653 1392 1678 nec
1423 1638 1538 1678 ullus
1561 1637 1792 1692 scrupulus
1814 1636 2095 1689 relinquatur.
2142 1634 2274 1685 Quod

121 1719 348 1772 quominus
381 1719 425 1758 in
456 1718 706 1773 syntacticis
738 1718 868 1758 rebus
900 1719 1000 1758 item
1033 1719 1127 1758 fieri
1159 1719 1309 1773 possit,
1341 1718 1498 1772 partim
1531 1731 1609 1771 per
1640 1716 1947 1756 sententiarum
1979 1722 2062 1755 stat
2085 1714 2274 1754 difficul-

121 1804 228 1837 tates
260 1798 503 1851 variasque,
549 1812 660 1851 quae
699 1812 830 1852 saepe
862 1798 960 1837 iniri
994 1805 1188 1852 possunt,
1235 1796 1545 1852 interpretandi
1576 1796 1690 1844 vias3
1738 1795 1895 1850 partim
1926 1795 1969 1834 in
2000 1808 2050 1835 co
2081 1794 2275 1843 vertitur,

122 1876 237 1930 quod
269 1892 321 1917 ex
352 1877 447 1931 ipso
480 1877 618 1917 abusu
649 1877 804 1917 falsam
836 1892 968 1932 saepe
999 1878 1206 1917 rationem
1239 1876 1418 1930 agnosci
1450 1890 1579 1930 posse
1611 1875 1814 1915 diximus.

323 1955 569 2010 Singularis
603 1956 702 1996 huie
735 1955 1016 2011 disputationi
1049 1956 1284 1996 difficultas
1317 1954 1416 1995 inde
1448 1955 1623 2004 exstitit,
1670 1954 1785 2008 quod
1818 1955 1940 2008 cujus
1972 1953 2160 1994 auctoris
2192 1953 2277 1992 sint

123 2035 173 2076 de
205 2035 417 2090 pluribus,
450 2050 561 2089 quae
593 2035 779 2076 Luciani
812 2035 1019 2085 feruntur,
1053 2035 1226 2090 scriptis
1259 2034 1492 2074 dubitatur.
1546 2033 1648 2084 Qua
1679 2033 1732 2074 de
1763 2048 1809 2073 re
1832 2048 1928 2073 cum
1951 2033 2138 2072 maxime
2161 2031 2275 2072 docti

123 2115 204 2154 viri
236 2114 501 2163 dissentiant,
533 2114 630 2154 illos
661 2114 794 2155 libros
825 2130 910 2155 non
941 2115 1113 2156 omnino
1145 2114 1486 2169 praetermittere
1518 2128 1586 2153 me
1617 2113 1811 2168 potuisse
1843 2119 1971 2167 patet.
2023 2111 2112 2151 Sed
2133 2121 2275 2151 tamen

123 2194 184 2233 ita
212 2194 265 2233 iis
296 2208 402 2234 usus
441 2208 548 2243 sum,
594 2200 641 2233 ut
684 2209 768 2234 non
813 2209 865 2234 ex
897 2195 1107 2248 exemplis
1140 2195 1183 2233 in
1214 2194 1268 2233 iis
1301 2193 1403 2234 solis
1434 2192 1617 2247 repertis
1650 2192 1702 2232 de
1735 2192 1921 2232 Lueiani
1952 2192 2117 2231 ratione
2148 2189 2275 2243 quid-

125 2287 254 2325 quam
286 2278 529 2321 statuerem,
562 2272 638 2312 scd
670 2288 716 2312 re
747 2288 800 2313 ex
831 2274 926 2314 aliis
951 2274 1042 2327 jam
1074 2273 1181 2313 locis
1215 2273 1390 2313 definita
1421 2279 1550 2325 atque
1582 2272 1812 2312 constituta
1844 2271 1969 2324 quasi
2000 2270 2276 2311 corollarium

127 2351 343 2404 quoddam
375 2366 426 2391 ea
457 2351 702 2405 adjicerem.
763 2351 950 2392 Tantum
982 2368 1034 2393 ex
1066 2351 1325 2407 philopatri,
1372 2352 1445 2406 qui
1478 2350 1729 2392 foedissime
1761 2351 1947 2405 scriptus
1981 2358 2045 2389 est
2075 2358 2114 2388 et
2147 2364 2172 2388 a
2201 2363 2277 2388 ne-

127 2430 239 2470 mine
270 2445 352 2471 non
384 2445 487 2471 sano
517 2430 716 2472 Luciano
747 2438 792 2471 ut
824 2446 873 2472 eo
905 2432 1236 2486 indignissimus
1269 2432 1518 2486 abrogatur,
1550 2431 1594 2470 in
1625 2430 1933 2484 etymologiam
1964 2428 2138 2482 quidem
2170 2427 2278 2468 nihil

127 2509 263 2557 attuli,
308 2510 512 2550 nonnulla
556 2511 600 2550 in
646 2511 860 2565 syntaxim
908 2512 982 2551 sed
1029 2519 1074 2551 ut
1112 2512 1219 2551 nihil
1258 2518 1400 2551 tamen
1433 2510 1500 2550 his
1533 2509 1664 2549 tribui
1696 2509 1825 2549 velim
1858 2515 1898 2548 et
1930 2508 2143 2548 curiosius
2176 2521 2278 2547 sane

128 2601 256 2640 quam
301 2589 577 2629 constantius.
639 2589 759 2630 Idem
805 2591 1005 2630 nimirum
1054 2591 1246 2631 earmina
1290 2591 1381 2644 ejus
1419 2596 1460 2630 et
1498 2589 1632 2630 libros
1662 2587 1820 2630 Jonice
1852 2588 2036 2642 scriptos
2069 2584 2279 2640 (περὶτῆς

133 2662 397 2721 ἀστρολογίης
432 2675 473 2708 et
512 2665 603 2722 περὶ
631 2671 708 2724 τῆς
737 2667 888 2724 Συρίης
917 2669 1035 2721 ᾓεοῢ)
1067 2670 1336 2725 praetermisi
1370 2683 1531 2722 eosque
1562 2667 1711 2717 libros,
1758 2668 1833 2721 qui
1865 2667 2045 2707 consilio
2077 2681 2159 2706 non
2192 2666 2279 2704 elc-

127 2752 281 2799 ganter
325 2748 474 2801 scripti
521 2757 632 2797 sunt,
677 2755 724 2787 ut
764 2747 1045 2803 Lexiphanes
1086 2757 1127 2789 et
1160 2748 1415 2797 Soloecista‚
1461 2755 1508 2788 ut
1539 2754 1681 2788 tamen
1711 2761 1852 2802 pauca
1883 2761 1935 2786 ex
1969 2745 2034 2786 his
2067 2745 2279 2792 afferrem,

129 2839 240 2878 quae
270 2839 352 2865 non
384 2826 438 2866 ad
469 2841 520 2866 ea
550 2826 777 2868 referenda
807 2828 1070 2878 viderentur,
1102 2843 1214 2882 quae
1245 2828 1439 2869 consulto
1471 2833 1651 2882 peccata
1681 2833 1837 2866 essent.

327 2901 429 2944 Jam
459 2919 561 2946 vero
592 2905 672 2946 hoc
704 2907 832 2946 etiam
864 2921 951 2956 (308,
984 2908 1058 2961 qui
1090 2907 1197 2948 haec
1229 2908 1389 2961 legent,
1421 2905 1673 2956 monuerim,
1704 2921 1758 2946 ne
1791 2906 1947 2954 onmia,
1981 2918 2091 2957 quae
2122 2909 2167 2942 ut
2200 2901 2279 2943 At-

128 2982 310 3022 ticorum
341 2984 504 3023 ratione
535 2984 677 3025 aliena
708 2985 898 3035 afferam,
930 3001 997 3026 me
1028 2987 1214 3041 primum
1246 2987 1502 3027 observasse
1534 2993 1663 3039 atque
1694 2985 1916 3026 doctorum
1948 2984 2138 3025 virorum
2161 2997 2279 3021 men-

330 3083 367 3135 *)
399 3079 506 3125 ἀλλὰ
543 3083 615 3126 καὶ
650 3082 776 3140 ὑμεῖς,
817 3084 854 3127 εἴ
889 3101 929 3127 τι
959 3083 1074 3141 κάγὼ
1102 3088 1178 3142 τῆς
1199 3084 1418 3141 Ῥωμαίων
1448 3088 1583 3142 φωνῆς
1614 3085 1752 3136 ἐπαΐω,
1791 3081 1884 3134 τοὺς
1913 3079 2283 3139 προσαγορεύοντας

132 3147 463 3205 ἀντιδεξιούμενοι
492 3152 549 3208 τῷ
579 3155 655 3208 τῆς
684 3149 836 3208 ὑγιείας
868 3150 1036 3210 ὀνόματι
1065 3152 1262 3203 πολλάκις
1292 3150 1533 3208 ἀμείβεσῖῖες
1566 3159 1708 3207 quibus
1731 3170 1778 3195 ex
1799 3156 1928 3194 verbis
1951 3155 2102 3192 Plauck
2123 3153 2279 3202 (Progr.

130 3221 200 3259 des
233 3221 432 3260 Seminars
465 3235 511 3260 zu
546 3223 697 3270 Urach3
730 3224 940 3273 Tiibingen
977 3227 1096 3274 1850,
1128 3239 1167 3275 p.
1206 3225 1270 3274 17)
1302 3238 1438 3275 parum
1474 3226 1690 3264 [lucianum
1723 3224 1843 3262 latine
1876 3223 2038 3261 scivisse
2072 3221 2261 3271 conjecit!

1958 3298 2011 3338 1*
