2456 3501
1246 123 1330 168 56

213 280 285 323 καί
314 277 519 335 τραχύτης
547 277 620 321 καί
649 276 845 335 σκαιότης
874 277 947 321 καὶ
977 276 1074 336 ὀργὴ
1104 280 1178 322 καί
1207 277 1482 336 ἀπανὶὶτρωπία
1511 295 1520 305 ·
1551 282 1586 325 εἰ
1625 285 1670 328 δέ
1696 299 1789 327 τινα
1815 282 1940 340 ἴδοιμι
1970 284 2019 341 ἐν,
2039 284 2131 340 πυρὶ
2159 286 2361 328 καταδια-

212 357 473 416 φῗῑειρόμενον
509 357 582 401 καὶ
618 357 820 411 σβεννύναι
857 357 1102 412 ἱκετεύοντα,
1140 359 1266 417 πίττῃ
1296 359 1370 403 καὶ
1399 361 1520 418 ἐλαίῳ
1548 362 1869 417 κατασβεννύναι
1899 369 1979 413 (sc.
2011 362 2216 419 δεδὸχῗΐω)
2247 363 2360 409 Tim.

211 441 276 480 44.
299 438 332 480 Ι.
359 439 450 479 156.
484 438 665 478 verbum
697 454 749 479 ex
771 439 1176 493 insequentibus
1206 442 1510 496 repetendumz
1539 439 1560 486 ὃ
1593 443 1639 485 δέ
1664 458 1710 497 γε
1732 441 1980 499 Πολύφημος
2008 440 2063 485 τά
2091 458 2138 486 τε
2160 440 2267 486 ἄλλα
2288 476 2297 486 .
2319 476 2328 486 .
2350 477 2358 486 .

209 516 281 559 καί
309 514 556 572 μουσικός
586 517 671 560 ἐστι
717 523 790 569 (ex
821 516 908 568 ικός
940 520 1251 571 terminatione,
1299 535 1411 575 quae
1442 522 1662 563 facultatis
1701 524 1789 564 vim
1824 523 1965 574 habet,
2011 521 2227 565 ἐπίσταται
2256 538 2360 579 sup-

210 596 432 652 plendum)
470 596 586 637 Dial.
619 596 730 637 Mar.
764 599 799 638 1.
830 600 869 639 3.
902 598 935 639 Ι.
969 602 1063 640 290.

410 675 458 730 b)
491 675 686 732 Ellipsis‚
717 677 761 718 in
793 692 879 732 qua
903 678 1113 719 verbum
1146 680 1413 730 omissum,
1446 695 1556 721 cum
1588 688 1738 721 antea
1768 696 1863 723 non
1896 682 2127 736 legatur,
2159 690 2359 723 senten-

207 756 279 796 tia
309 755 674 811 supplendum.
722 756 915 804 (Faciles
948 757 1073 812 hujus
1105 760 1278 813 generis
1312 760 1488 814 ellipses
1521 760 1607 800 vid.
1634 776 1701 815 ap.
1725 760 1866 814 Kriig.
1889 763 1955 802 62.
1976 764 2030 812 3.,
2062 762 2179 802 velut
2200 754 2360 804 omisso'

207 834 340 876 verbo
377 835 534 876 eundi
564 859 618 866 —
649 836 711 877 sic
751 851 819 892 ap.
858 836 991 878 Luc:
1037 831 1160 887 οὗτος
1196 839 1289 891 γοῦν
1325 836 1398 880 καί
1437 835 1561 888 αὐτὸς
1593 837 1658 880 ἐπὶ
1687 835 1870 895 κεφαλὴν
1899 837 2006 894 μετὰ
2032 841 2110 882 τῶν
2139 838 2270 882 ἄλλων
2299 855 2359 882 sc.

207 912 278 955 ἴτω
309 912 423 955 Pisc.
455 916 543 964 51.;
575 915 707 956 verbo
737 916 974 957 faciendi
997 942 1048 948 —
1071 916 1369 973 φιλοτιμότερον
1398 915 1483 972 μὲν,
1515 909 1546 959 ὦ
1573 916 1772 974 ἳῖύγατερ,
1805 934 1863 961 sc.
1886 918 2089 974 ἐποίησας,
2122 921 2255 975 possit
2280 921 2358 962 hoc.

206 994 334 1033 etiam
367 994 420 1034 ad
450 995 572 1049 prius
604 1009 742 1049 genus
774 996 939 1045 referri,
973 1012 1070 1037 cum
1100 995 1141 1038 τί
1169 994 1248 1052 γὰρ
1280 985 1360 1039 ἔδει
1381 1001 1503 1039 ποιεῖν
1528 998 1766 1047 antecedat,
1798 998 1916 1039 Dial.
1940 998 2049 1039 Mer.
2071 1002 2110 1040 3.
2132 1002 2194 1048 3.;
2226 999 2358 1041 verbo

208 1071 417 1114 dicendi
449 1097 504 1104 —
532 1065 576 1115 εὖ
606 1088 652 1127 γε
683 1071 902 1129 Τιμόκλεις
929 1076 1066 1117 ταῦτα
1093 1074 1166 1118 καὶ
1195 1075 1364 1131 ἰσχυρῶς
1392 1079 1450 1133 τῷ
1480 1076 1784 1132 παραδείγματι
1814 1093 1873 1118 sc.
1905 1075 2070 1133 εἴρηκας
2096 1076 2202 1134 Jup.
2225 1078 2358 1133 Trag.

207 1154 294 1201 46.)
353 1151 640 1194 Insolentiora
669 1155 870 1209 exempla
901 1163 1000 1196 sunt
1032 1157 1157 1197 haec:
1187 1152 1257 1197 τὸν
1286 1156 1458 1208 βασιλέα
1489 1160 1568 1199 τῶν
1599 1155 1664 1198 ἐπὶ
1695 1153 1766 1213 τὴν
1798 1155 1950 1212 Τροίαν
1977 1156 2074 1199 ποτὲ
2099 1154 2275 1212 Ἀχαιῶν
2310 1183 2359 1187 -

204 1229 453 1287 eiusne-qim&
484 1247 543 1273 sc.
575 1230 981 1287 στρατευσάντων
1011 1236 1090 1276 Ner.
1114 1236 1256 1276 2111.
1280 1239 1373 1277 637.
1417 1233 1439 1278 ὃ
1473 1234 1517 1278 δὲ
1547 1234 1742 1292 βούλομαι
1771 1236 1894 1278 εἰπεῖν
1922 1235 2074 1280 τοιόνδε
2103 1236 2212 1279 ἐστίν
2244 1251 2252 1258 ·
2283 1233 2358 1291 οὐχ

203 1334 257 1340 —
287 1308 350 1352 ’ότι
391 1312 467 1367 τῆς
509 1309 668 1368 γνώμης
711 1315 787 1354 τῶν
833 1310 984 1368 ἀνδρῶν
1029 1314 1143 1369 ἔρωτι
1185 1314 1372 1371 προςῄεις
1417 1313 1555 1365 αὐτοῖς
1591 1315 1664 1358 καὶ
1700 1313 1838 1373 ἠξίους
1875 1313 2045 1372 ἀμείνων
2074 1315 2288 1372 γίγνεσῗῑαι
2317 1316 2359 1366 ἐς

203 1387 259 1432 τὰ
288 1392 363 1447 τῆς
392 1388 569 1447 γνώμης,·
601 1396 716 1448 (sup.
739 1393 926 1435 λεκτέο
944 1409 983 1446 ν,
1014 1395 1130 1448 quod
1163 1396 1337 1449 quidem
1371 1411 1423 1436 cx
1455 1394 1576 1437 εἰπεῖν
1606 1398 1743 1452 repeti
1776 1412 1904 1452 posse
1935 1412 2018 1438 non
2041 1408 2158 1453 puto,
2182 1398 2248 1438 vel
2271 1396 2355 1439 ἔστι

204 1485 282 1525 pro
322 1467 478 1527 ἀληῗῖές
508 1470 612 1523 dom
659 1473 806 1514 durior
838 1474 944 1514 haec
975 1474 1156 1529 ellipsis,
1203 1475 1306 1528 quia
1346 1471 1418 1529 οὐχ
1449 1472 1511 1517 ὅτι
1549 1478 1706 1517 usitata
1736 1484 1801 1516 est
1830 1476 2017 1518 formula
2064 1491 2160 1517 non
2207 1476 2355 1518 modo

207 1552 472 1605 significans,
506 1566 692 1605 quacum
724 1553 854 1593 facile
887 1553 1091 1594 confundi
1124 1555 1294 1609 possit.)
1353 1553 1502 1595 Herm.
1536 1557 1601 1596 20.
1632 1555 1666 1596 Ι.
1700 1558 1794 1596 758.

404 1631 704 1672 Memorabilis
728 1633 914 1686 denique
938 1634 1124 1673 maxime
1155 1634 1303 1673 verbi
1336 1634 1437 1675 δεῖν
1459 1635 1668 1690 (χρῆναι)
1701 1635 1882 1690 ellipsis,
1907 1650 2017 1690 quae
2040 1636 2215 1691 saepius
2239 1636 2355 1691 apud

201 1709 446 1751 Lucianum
479 1712 680 1760 occurrit,
713 1727 810 1752 cum
842 1712 949 1752 mihi
982 1728 1065 1753 non
1096 1713 1317 1767 cognitum
1358 1715 1413 1754 sit
1443 1729 1538 1754 eam
1569 1715 1687 1769 apud
1718 1715 1826 1756 alios
1858 1715 2053 1770 reperiri.
2114 1714 2353 1756 Facilior

203 1798 436 1844 praeeunte
468 1790 734 1844 adjectivo
766 1792 973 1832 verbali
1005 1793 1049 1832 in
1080 1806 1177 1843 εον,
1212 1808 1265 1833 ex
1298 1807 1383 1846 quo
1416 1795 1540 1846 quasi
1574 1794 1816 1849 supplendo
1848 1796 1985 1849 repeti
2018 1795 2124 1836 illud
2156 1796 2312 1850 possit:

402 1866 564 1911 πάντων
594 1867 777 1923 μάλιστα
806 1868 871 1911 ἐπὶ
899 1868 1029 1927 τούτῳ
1058 1872 1344 1923 σπουδαστέον,
1374 1873 1452 1914 τῶν
1482 1869 1509 1913 δ’
1534 1869 1665 1914 ἄλλων
1695 1869 1918 1928 ἀμελητέον
1947 1871 2020 1915 καί
2040 1872 2144 1929 μήτε
2165 1874 2357 1929 πατρίδος

199 1949 275 2003 τῆς
321 1947 504 1991 ἐνταῦίτα
548 1948 924 2006 ἐπιλαμβανομένης
967 1948 1089 1992 πολὺν
1133 1951 1340 1994 ποιεῖσῖςαι
1379 1951 1448 1992 τὸν
1485 1949 1600 2007 λόγον
1629 1950 1735 2008 μήτε
1765 1952 1920 1994 παίδων
1949 1953 2356 2008 κλαυίἳμυριζομένων

203 2026 455 2070 ἐπικλᾶσῗῖαι
485 2028 634 2069 Herm.
668 2032 733 2070 23.
767 2030 800 2070 1.
825 2033 917 2070 761.
963 2029 1046 2085 ὥρα
1076 2033 1231 2072 σιωπᾶν
1259 2035 1343 2080 τοῖς
1374 2029 1522 2083 ἄλλοις,
1556 2030 1651 2086 ἄχρι
1681 2028 1710 2073 δ’
1736 2030 1786 2074 ἂν
1817 2028 1942 2074 αὐτοῦ
1975 2030 2118 2074 τούτου
2148 2033 2236 2088 πέρι
2266 2035 2353 2075 δια-

201 2105 425 2161 μάχωνται,
456 2106 616 2150 ποίντων
647 2105 792 2163 ὁμοίως
822 2106 1039 2151 ἀκουστέον
1069 2107 1095 2166 ἥ
1129 2109 1305 2151 εἰδέναι.
1329 2142 1337 2152 .
1361 2142 1370 2152 .
1403 2111 1703 2159 (Lehmannus
1735 2113 1789 2153 ad
1813 2112 1926 2154 hunc
1947 2112 2103 2161 locum,
2130 2113 2202 2166 qui
2228 2113 2354 2167 hujus

201 2188 366 2242 ellipsis
404 2202 581 2242 prorsus
622 2189 800 2242 ignarus
842 2205 937 2230 esse
978 2191 1189 2240 videatur,
1231 2187 1315 2244 ὥρα
1352 2206 1405 2230 ex
1444 2191 1662 2245 prioribus
1700 2193 1837 2247 repeti
1875 2200 1916 2232 et
1947 2207 2042 2233 cnm
2075 2189 2223 2233 εἰδέναι
2253 2208 2354 2234 con-

193 2268 319 2320 jungi
357 2266 508 2316 vultll)
556 2267 703 2308 Herm.
741 2271 808 2309 56.
846 2268 878 2309 1.
912 2272 1005 2309 779.
1053 2266 1273 2311 ἀποδοτέον
1313 2261 1381 2311 οὖν
1418 2268 1491 2311 καὶ
1528 2272 1585 2327 τῷ
1621 2268 1788 2328 τοιούτῳ
1825 2268 1963 2326 χρόνον
2002 2266 2075 2313 οὐκ
2115 2268 2244 2327 ὀλίγον
2281 2271 2355 2314 καί

200 2345 448 2400 προὶῗέμενον
479 2344 645 2388 ἅπαντα
675 2345 731 2396 εἰς
761 2347 881 2402 μέσον
912 2347 1120 2403 αἱρεῖσῗςαι
1151 2349 1299 2389 Herm.
1332 2352 1397 2390 64.
1431 2349 1463 2389 l.
1496 2352 1590 2390 805.

198 2478 204 2484 .
399 2425 526 2467 Plus
567 2426 886 2469 offensionis
930 2429 1036 2469 haec
1079 2430 1254 2470 omissio
1295 2429 1423 2469 habet
1456 2429 1535 2469 his
1568 2429 1725 2470 locis:
1769 2432 1887 2471 τοῦτο
1918 2427 2120 2485 τοσαύτην
2151 2426 2355 2484 ἀφςέονίαν

201 2503 424 2558 παρέχεται
453 2509 537 2555 τοῖς
567 2507 817 2560 βουλομένοις
848 2504 1056 2549 ἅπτεσὶται
1086 2510 1163 2548 τῶν
1192 2505 1281 2562 περὶ
1310 2505 1453 2551 τούτου
1483 2505 1622 2562 λόγων,
1654 2505 1743 2550 ὥστ’
1769 2506 1854 2559 οὐκ,
1885 2507 1920 2549 εἰ
1950 2507 2006 2565 μὴ
2038 2505 2127 2551 κατ’
2151 2506 2272 2560 ἀξίαν
2291 2524 2354 2560 τις

199 2582 378 2638 ἐφίκοιτο
409 2585 466 2640 τῷ
494 2583 611 2641 λόγῳ,
641 2585 812 2641 νομίζειν
843 2589 1018 2642 (supple
1039 2584 1138 2643 χρή)
1172 2587 1389 2641 δυςτυχεῖν,
1423 2584 1505 2630 ἀλλ’
1525 2585 1577 2644 ἣν
1597 2584 1786 2637 κάκεῖνός
1807 2603 1846 2629 τι
1868 2588 2028 2644 δυνηῇῇ
2051 2589 2351 2643 συμβαλέσῖται,

199 2663 275 2717 τῆς
305 2659 510 2717 ἀμείνονος
540 2663 703 2707 οἴεσὸαι
731 2666 955 2720 πειρᾶσῖῖαι
983 2665 1112 2722 τύχης
1145 2669 1290 2707 Charta.
1326 2669 1388 2708 15.
1421 2667 1503 2708 111.
1536 2670 1630 2708 626.
1678 2667 1978 2711 Fortasse&
2000 2670 2128 2708 etiam
2153 2670 2232 2711 hoc
2256 2670 2350 2711 loco

196 2757 276 2783 nec
315 2757 397 2783 non
437 2743 708 2785 incommode
745 2745 804 2786 δεῖ
841 2747 1047 2786 omissum
1088 2746 1373 2787 censendum:
1419 2744 1493 2788 καί
1528 2744 1683 2802 πρῶτόν
1711 2762 1758 2801 γε
1799 2742 1900 2787 αὐτὸ
1930 2747 2049 2788 τοῦτο
2079 2744 2127 2788 ‘eb
2157 2744 2265 2789 ἄττα
2294 2745 2352 2803 μὴ

197 2820 348 2883 δασέως
379 2817 485 2863 ἀλλὰ
514 2823 639 2876 ψιλῶς
670 2821 888 2878 ἐξενεγκεῖν
919 2826 1007 2866 Sol.
1031 2828 1092 2866 10.
1116 2825 1197 2866 III.
1224 2828 1317 2866 550.
1351 2851 1403 2856 —
1436 2825 1539 2867 Jam
1571 2842 1672 2868 vero
1705 2842 1795 2882 per
1825 2826 2179 2868 infinitivum:
2215 2826 2249 2869 εἰ
2278 2825 2352 2882 μὲν

195 2897 272 2954 γὰρ
296 2897 562 2954 Ἀδείμαντος
592 2900 791 2954 βούλεται,
823 2900 914 2946 οὐδὲ
945 2904 1099 2958 ἐρωτᾶν
1132 2904 1304 2959 (supple
1335 2905 1432 2955 δεῖν)
1466 2901 1582 2960 οἶμαι
1611 2905 1719 2946 Nav.
1755 2908 1817 2945 17.
1851 2905 1933 2946 ΙΠ.
1966 2908 2060 2947 260.

398 2978 477 3020 Est
508 2980 694 3034 denique
725 2983 866 3031 locus,
900 2984 942 3023 in
976 2999 1060 3037 quo
1094 2984 1271 3038 quidam
1306 2984 1365 3024 δεῖ
1396 2987 1603 3025 omissum
1635 2999 1730 3025 esse
1763 2985 1923 3034 volunt,
1957 2985 2061 3025 mihi
2093 2999 2195 3026 vero
2217 2999 2350 3039 aegre

198 3071 325 3111 posse
356 3059 546 3099 videtur:
591 3054 702 3101 οὗτοι
731 3059 808 3115 γὰρ
838 3059 950 3117 ἡμῶν
980 3060 1049 3103 τὸν
1077 3060 1202 3118 πηλὸν
1232 3063 1307 3117 τῆς
1336 3062 1481 3118 τέχνης
1511 3063 1726 3113 ἐπαινοῦσι,
1756 3064 1833 3104 τῶν
1863 3058 1895 3103 δ’
1918 3058 1974 3118 ἐφ’
2000 3059 2081 3120 ὅτῳ
2101 3096 2110 3105 .
2133 3095 2141 3105 .
2165 3095 2173 3104 .
2219 3060 2254 3105 εἰ
2273 3077 2349 3105 κα·

397 3216 434 3267 *)
467 3218 597 3269 Supra
628 3221 729 3257 enim
761 3219 813 3270 (p.
849 3220 915 3271 27)
946 3223 1178 3272 imperative
1210 3222 1311 3261 hunc
1343 3223 1577 3261 infinitivum
1609 3223 1913 3273 explicaveram.
