2456 3501
1249 117 1335 160 26

228 280 358 319 multa
388 282 617 319 occurrunt
647 275 859 330 exempla,
891 275 1030 315 velut:
1060 271 1080 316 ὃ
1102 274 1271 325 Φειδίας
1301 272 1351 317 ἄν
1378 289 1479 318 ποτε
1498 274 1589 319 ἰδὼν
1608 275 1733 333 ὄνυχα
1751 278 1910 329 λέοντος
1931 278 2032 332 ἔγνω
2051 276 2103 321 ἅν
2122 279 2280 322 Herm.
2299 284 2365 323 55.

224 359 256 400 1.
276 360 366 399 795.
416 352 489 398 οὐκ
519 353 568 396 ἂν
598 351 709 412 ᾤμην
735 352 826 409 περὶ
853 356 930 409 τῆς
959 355 1117 410 κλοπῆς
1144 352 1215 395 τὸν
1235 352 1402 412 εΕρμῆν
1431 355 1632 412 ἐῗῑελῆσαι
1651 354 1702 400 ἂν
1723 356 1843 399 εἰπεῖν
1876 357 2016 399 Prom.
2035 373 2069 399 s.
2087 357 2138 400 C.
2158 361 2197 400 5.
2220 359 2254 402 1.
2275 362 2365 404 190.

421 450 451 476 ε.
498 433 642 474 Verbo
674 435 871 488 tetigisse
902 434 1031 474 velim
1075 432 1142 475 ἵνα
1172 436 1461 488 conjunctioni
1487 450 1590 477 ‘eum
1623 438 1876 492 imperfecto
1908 440 2160 492 conjunctae
2191 435 2243 481 ἄν
2273 441 2366 480 sine

223 516 473 557 necessitate
511 526 562 553 ae
601 528 655 553 ne
693 513 916 567 eleganter
937 513 1128 567 >quidem
1167 514 1379 567 adjectum
1418 514 1490 567 (ef.
1522 515 1599 556 Kr.
1632 517 1698 556 54.
1730 518 1767 557 8.
1801 519 1859 567 8.)
1898 514 2000 558 ὥστε
2028 514 2224 567 πολλάκις
2254 517 2362 570 ἐβου-

223 591 421 648 λευσάμην
447 592 705 647 μετοικῆσαι,
735 590 801 632 ἰ’να
832 588 964 633 αὐτῶν
992 588 1066 647 τὴν
1095 591 1296 648 περίεργον
1330 591 1380 634 ἂν
1417 595 1600 648 γλῶτταν
1628 593 1822 649 διέφυγον.
1868 595 2047 637 Iearom.
2080 598 2146 637 21.
2178 591 2238 638 11.
2268 600 2363 638 776.

225 672 371 715 εἰδέναι
401 671 531 726 ἐχρῆν,
563 669 661 712 πότε
689 668 764 712 καί
791 668 1038 726 τεῖῑνήξεται
1066 674 1143 713 τῶν
1162 669 1356 726 γερόντων
1376 671 1562 725 ἕκαστος,
1585 671 1652 714 ἰ’να
1672 670 1728 728 μὴ
1749 672 1884 729 μάτην
1904 672 1952 716 ἂν
1972 673 2098 724 ἐνίους
2118 673 2364 730 ἐῇεράπευον

222 752 335 793 Dial.
368 751 494 790 Mort.
528 752 565 790 6.
587 752 636 790 2.
669 750 702 791 Ι.
734 752 828 792 348.
878 748 952 792 καὶ
990 748 1150 805 ἄριστον
1188 744 1238 807 ἦν
1269 749 1488 803 ,,λακιστὸν
1508 752 1566 793 -ἐν
1594 753 1799 808 πέτραισιν
1829 751 2018 809 εὓρέσὶῖαι
2047 751 2211 809 μόρον“,
2240 751 2291 796 ἵν’
2311 753 2364 797 ἂν

220 829 291 872 καὶ
319 828 363 871 τὸ
395 830 514 884 μέρος
545 825 669 871 αὐτοῦ
700 828 873 879 ἕκαστος
905 830 1006 884 ἔχων
1037 827 1320 886 ἀπηλλάττετο
1351 831 1467 873 Piso.
1500 833 1540 875 2.
1570 832 1604 873 Ι.
1630 834 1724 872 572.
1771 832 1919 882 Ιὶίηᾶ.,
1951 835 2024 887 qui
2056 831 2114 876 ἄν.
2138 835 2306 885 omittit,
2337 851 2362 875 a

221 910 496 964 Sehwidopio
527 908 634 950 Obs.
668 908 777 950 Lue.
809 909 886 965 Sp.
917 912 956 951 3.
989 910 1209 964 Konigsb.
1242 914 1307 951 60.
1339 925 1380 966 p.
1416 913 1478 952 17.
1511 911 1855 966 reprehenditur.
2114 911 2117 915 ⁴

964 991 1005 1040 2)
1053 987 1102 1031 ἄν
1129 991 1397 1051 partic-ulae
1429 991 1622 1045 ellipsis.
1715 997 1718 999 ’

418 1082 455 1109 α.
504 1068 553 1108 In
585 1070 775 1123 optativo
808 1069 1029 1123 potentiali
1062 1070 1264 1110 omissam
1297 1069 1382 1110 vid.
1414 1085 1548 1125 supra
1578 1086 1618 1126 p.
1652 1073 1717 1121 20,
1750 1086 1814 1126 sq.

416 1150 452 1198 β.
498 1145 547 1188 ἄν
577 1156 673 1203 post
704 1163 938 1203 pronomen
970 1149 1198 1189 relativum
1229 1150 1298 1189 vel
1329 1151 1665 1204 conjunctiones,
1698 1163 1810 1204 quae
1842 1153 2113 1206 conjunctivo
2135 1154 2361 1208 excipiun-

221 1236 298 1277 tur,
331 1228 534 1268 omissum
567 1228 653 1267 vid.
686 1242 818 1282 supra
849 1243 890 1282 p.
923 1230 989 1277 23,
1021 1242 1085 1282 sq.

415 1321 451 1361 γ.
498 1307 567 1347 De
599 1303 649 1348 ἄν
679 1308 721 1347 in
754 1308 1019 1361 parataetiea
1050 1309 1360 1349 sententiarum
1393 1311 1705 1363 conjunctione,
1738 1325 1848 1365 quae
1880 1312 2095 1366 particula.
2125 1320 2197 1351 aut
2228 1325 2362 1366 copu-

219 1387 347 1427 lativa
378 1395 450 1426 aut
481 1386 754 1427 adversativa
784 1387 984 1436 efficitur,
1031 1388 1163 1428 semel
1195 1390 1354 1430 omisso
1385 1389 1507 1444 piget
1538 1390 1781 1445 disputare3
1819 1392 1984 1446 quippe
2015 1391 2131 1444 quod
2161 1391 2215 1431 ab
2248 1391 2361 1430 Atti-

219 1482 362 1507 corum
407 1467 571 1507 ratione
619 1481 703 1506 non
750 1466 981 1507 abhorrere
1024 1468 1294 1507 notissimum
1327 1476 1403 1508 est.
1450 1469 1525 1516 (ef.
1565 1470 1705 1523 Kriig.
1738 1472 1803 1510 69.
1836 1472 1873 1510 7.
1905 1472 1943 1509 4.
1989 1469 2138 1510 Madv.
2173 1472 2271 1518 139,
2304 1474 2361 1520 a.)

218 1545 446 1600 Exempla:
493 1545 659 1585 Anaoh.
694 1547 758 1586 20.
790 1545 848 1585 ΙΙ.
881 1548 1060 1587 901-2.
1092 1555 1134 1586 et
1165 1562 1200 1587 e.
1236 1549 1298 1587 18.
1331 1563 1372 1602 p.
1404 1550 1612 1590 897-98,
1664 1548 1812 1589 Herm.
1845 1551 1912 1589 82.
1943 1548 1977 1589 Ι.
2009 1551 2104 1589 827.
2154 1547 2266 1589 Nav.
2294 1551 2361 1589 44.

219 1624 298 1666 ΙΙΙ.
332 1628 423 1666 277.
455 1633 535 1666 etc.

415 1706 448 1746 ὃ.
493 1701 543 1746 ἄν
574 1706 616 1745 in
648 1705 934 1747 condicionali
968 1706 1147 1761 apodosi
1180 1714 1278 1762 post
1309 1707 1609 1762 imperfectum
1642 1710 1861 1750 omissum.
1922 1708 2054 1759 Quod
2084 1709 2212 1749 etiam
2245 1708 2361 1763 apud

216 1786 410 1838 antiquos
442 1800 524 1825 non
556 1800 652 1826 raro
684 1800 911 1826 occurrere
943 1785 1047 1826 Rost
1078 1787 1109 1837 ξ.
1144 1787 1233 1827 120.
1269 1789 1306 1826 6.
1339 1787 1391 1827 Α.
1425 1789 1462 1827 2.
1495 1796 1535 1827 et
1565 1789 1596 1840 ξ.
1629 1790 1719 1828 121.
1754 1791 1817 1828 10.
1849 1787 1903 1828 A.
1936 1790 1974 1828 6.
2025 1788 2165 1841 Kriig.
2197 1789 2263 1828 53.
2298 1789 2360 1827 10.

216 1867 253 1904 5.
285 1872 324 1904 et
354 1867 418 1904 54.
454 1867 515 1904 10.
552 1866 585 1904 1.
621 1866 702 1916 (53.
737 1867 773 1904 2.
808 1865 863 1916 7.)
896 1865 1064 1914 docent,
1098 1865 1173 1905 sed
1205 1867 1276 1915 ita,
1320 1874 1364 1906 ut
1395 1868 1584 1922 simplici
1615 1868 1870 1923 imperfecto
1901 1867 2149 1909 necessaria
2180 1872 2361 1915 (unaus-

217 1943 465 1995 bleibliehe)
497 1940 807 1998 consequentia
838 1946 1105 1985 enuncietur.
1167 1944 1320 1998 Itaque
1351 1961 1435 1986 non
1466 1954 1582 1986 recte
1614 1948 1657 1986 in
1689 1947 1754 1987 his
1787 1948 2014 1988 omissum:
2044 1945 2079 1987 εἰ
2108 1944 2180 2001 μὲν
2199 1945 2363 2001 ἐμαυτῷ

216 2020 260 2064 τὸ
289 2025 432 2078 κτῆμα
460 2024 578 2064 τοῦτο
610 2021 863 2079 ἐπλασάμην,
897 2023 1180 2066 ἐπλεονέκτουν
1209 2023 1317 2077 ἴσως,
1351 2025 1494 2066 Prom.
1518 2042 1550 2067 s.
1574 2025 1622 2067 C.
1648 2029 1711 2067 14.
1735 2026 1768 2067 Ι.
1790 2030 1895 2076 197,,
1928 2028 1964 2067 si
1996 2028 2211 2081 scriptura
2241 2039 2359 2073 sana,

216 2117 311 2142 nam
344 2104 453 2142 aliae
481 2104 734 2157 prioresque
757 2105 989 2145 editiones:
1021 2104 1302 2146 ἐπλεονέκτουν
1333 2103 1492 2161 &wa-⁶722
1519 2103 1719 2161 χρήσεως,
1751 2107 1926 2147 deinde}
1959 2099 2039 2147 οἷον
2068 2103 2111 2146 δὲ
2131 2096 2362 2160 κάκεῖνοῆν

215 2179 308 2230 τοὺς
337 2183 606 2236 πολεμοῦντας
637 2182 864 2224 ἐπισκοπεῖν
909 2181 984 2234 ἐξω
1021 2185 1156 2236 βέλους
1194 2181 1577 2240 ὑπεραιωρούμενον,
1623 2185 1730 2226 NaV.
1762 2188 1829 2226 44.
1861 2185 1944 2226 ΙΙΙ.
1977 2188 2071 2226 277.
2131 2184 2260 2226 Certe
2287 2200 2359 2240 ap.

216 2261 458 2302 Lueianum
491 2263 535 2302 in
565 2264 715 2303 vitium
749 2264 910 2304 abiisse
945 2264 1050 2305 haee
1083 2265 1259 2305 omissio
1292 2266 1397 2305 mihi
1429 2266 1613 2315 videtur,
1646 2279 1743 2306 eum
1766 2281 1895 2321 saepe
1916 2265 2069 2307 fortius
2092 2278 2359 2318 consequen-

214 2341 316 2380 tiam
346 2343 612 2395 pronunciet,
645 2357 773 2395 q-uam
806 2343 973 2383 debeat.
1034 2342 1102 2384 Cf.
1134 2340 1284 2399 ἄδηλον
1314 2336 1364 2399 ἦν
1394 2343 1543 2385 Herm.
1575 2348 1642 2386 39.
1668 2345 1700 2386 I.
1724 2346 1824 2385 781.
1867 2341 1913 2386 οὗ
1943 2341 2105 2399 μεγάλα
2135 2340 2244 2398 ὑμᾶς
2272 2339 2358 2399 ἠδί-

214 2433 307 2460 κουν
338 2419 477 2461 Prom.
512 2437 543 2461 s.
576 2422 625 2462 C.
661 2424 722 2462 18.
754 2422 786 2462 Ι.
811 2425 903 2463 202.
955 2419 1047 2464 οὐδὲ
1074 2419 1148 2473 τὰς
1181 2421 1381 2472 τεκούσας
1411 2423 1604 2478 ἐμαιοῦτο
1635 2424 1837 2479 παρὲτένος
1865 2438 1911 2478 γε
1942 2416 2044 2465 οὖσα
2075 2423 2357 2464 Dial.-Deor.

217 2501 280 2539 16.
312 2501 347 2539 2.
380 2500 412 2540 Ι.
445 2502 537 2540 245.
590 2497 632 2542 οὐ
662 2498 741 2556 γὰρ
773 2498 954 2556 ἠπίστεις
985 2502 1102 2543 Dial.
1134 2502 1262 2546 Mort.
1294 2504 1507 2544 31339.
1560 2501 1691 2554 ἄλλως
1721 2501 1883 2559 μείτύων
1912 2501 2095 2558 περιῄεις
2119 2502 2268 2543 Herm.
2291 2503 2357 2544 60.

214 2577 247 2618 Ι.
280 2580 371 2618 800.
422 2579 462 2629 ἐς
491 2577 580 2622 ὅσον
611 2578 780 2635 ἀνοίγειν
808 2579 885 2631 τὰς
914 2579 1049 2637 ᾖύρας
1076 2580 1278 2638 ἐδυνάμην
1316 2583 1352 2623 N
1359 2599 1424 2624 av.
1456 2587 1522 2624 44.
1556 2584 1638 2624 ΙΙΙ.
1671 2583 1751 2624 276
1779 2592 1859 2624 ete.
1920 2582 2054 2623 Plura
2084 2582 2284 2637 exempla
2313 2582 2358 2621 in

214 2655 400 2710 Navigio
432 2661 701 2713 potissimum
733 2662 937 2715 reperies.
999 2661 1132 2702 Recte
1164 2659 1213 2703 ἄν
1243 2664 1469 2704 omissum:
1502 2663 1704 2715 συνέβαινε
1735 2662 1878 2703 Prom.
1911 2676 1943 2703 s.
1966 2660 2016 2702 C.
2044 2664 2106 2702 15.
2130 2661 2163 2702 Ι.
2189 2663 2281 2702 198.
2303 2682 2357 2690 --

213 2735 353 2776 Etiam
386 2746 479 2791 post
510 2741 714 2779 aoristum
748 2741 952 2780 omissum
986 2738 1048 2792 ἄν,
1083 2742 1158 2782 sed
1190 2743 1233 2782 in
1266 2743 1404 2794 Philup.
1429 2746 1486 2792 (9.
1510 2742 1592 2783 III.
1615 2742 1741 2794 595).
1784 2740 1858 2782 καί
1887 2754 1932 2783 σε
1962 2740 2239 2796 στρατηγέτην
2259 2735 2356 2781 ἀπο-

213 2813 459 2870 κατέστησα,
489 2816 653 2872 ποιηταὶ
683 2816 725 2859 δὲ
755 2817 868 2860 κατὰ
897 2819 998 2862 πολύ
1029 2835 1080 2875 με
1109 2821 1297 2876 Περσέως
1327 2822 1535 2877 διέκριναν.

411 2894 642 2951 ἐβουλόμην
668 2899 760 2938 sine
791 2896 852 2950 ἄν,
885 2914 969 2953 quo
1001 2901 1130 2940 etiam
1161 2901 1328 2954 antiqui
1359 2912 1679 2956 nonnumquam
1712 2901 1788 2941 sed
1818 2914 1916 2942 raro
1948 2912 2026 2956 pro
2045 2894 2277 2955 Δε’«ςὲἃουλόιιῆν
2305 2895 2356 2941 ἅν

214 2979 399 3023 utuntur,
437 2974 661 3016 Lueianus
699 2991 801 3017 vero
844 2981 1019 3033 saepius
1057 2995 1162 3021 usus
1195 2988 1260 3021 est
1299 2982 1371 3031 (ef.
1393 2980 1511 3022 Nav.
1544 2984 1610 3022 25.
1643 2980 1724 3022 III.
1758 2982 1851 3021 265.
1902 2979 2008 3035 Jup.
2042 2978 2165 3021 Conf.
2199 2981 2263 3019 17.
2295 2978 2354 3019 II.

213 3054 315 3100 ‹5393
346 3054 532 3107 itemque
563 3053 736 3096 §adimam
767 3055 919 3112 Catap.
954 3060 1017 3099 12.
1052 3059 1084 3099 Ι.
1117 3060 1244 3113 633.)‚
1277 3075 1359 3101 non
1382 3069 1508 3101 reete
1537 3076 1617 3117 pro
1648 3058 1862 3115 βουλοίμην
1893 3056 1942 3100 ἅν
1972 3059 2086 3099 idem
2116 3069 2354 3112 usurpasse

211 3129 397 3171 videtur:
440 3130 550 3186 ’ὅμως
587 3132 807 3190 ἐβουλόμην
843 3134 938 3177 ἰδεῖν
976 3133 1098 3179 αὐτόν
1130 3137 1247 3179 Dial.
1282 3139 1411 3180 Mort.
1444 3143 1509 3180 20.
1541 3142 1579 3180 4.
1612 3139 1646 3180 Ι.
1677 3141 1773 3189 417,
1818 3148 1917 3180 voto
1948 3139 2060 3179 enim
2091 3138 2266 3185 satisfit3
2309 3145 2354 3177 et

210 3205 380 3251 ἐπόῖῖουν
411 3226 488 3266 pro
518 3212 690 3268 ποῗοίην
720 3211 787 3255 div:
820 3214 860 3255 ἓν
892 3215 950 3257 ἔτι
981 3215 1154 3265 ἐπόῗῖουν
1185 3216 1345 3270 εἰδέναι,
1379 3234 1476 3260 mox
1508 3220 1620 3259 enim
1637 3219 1899 3272 [cognoscin
1932 3216 2062 3258 Char.
2095 3218 2161 3257 22.
2191 3214 2227 3256 I.
2258 3214 2352 3257 518.
