2456 3501
1237 113 1327 157 30

213 291 349 331 noque
382 276 423 316 in
453 272 737 329 grammatica
765 271 856 312 ulla
889 275 1170 313 memoratum
1202 273 1347 327 reperi
1378 286 1520 326 neque
1552 288 1620 330 ap.
1642 275 1897 330 scriptorem
1919 276 2056 316 ullum
2078 289 2269 330 unquam
2290 291 2357 318 me

210 358 354 411 legere
396 353 592 394 memini:
639 348 747 393 ἀλλὰ
775 347 869 399 τοὺς
899 348 970 406 μὲν
1001 347 1066 392 ἐπὶ
1095 347 1150 392 τὰ
1181 348 1297 402 δεξιὰ
1326 348 1522 400 εἰςιόντων
1560 349 1673 407 ἄφες.
1706 353 1903 409 Philops.
1938 356 2002 395 18.
2034 353 2117 395 ΙΙΙ.
2148 356 2229 405 46„
2264 351 2293 410 ἡ
2323 349 2353 396 δ’

211 434 306 477 ἄλλο
337 432 407 488 μὲν
435 429 547 473 οὐδὲν
577 424 682 485 εὗρε,
711 431 833 472 τοῦτο
863 427 907 471 δὲ
937 428 1055 484 μόνον
1085 430 1427 485 ἐπιγεγραμμένον
1457 429 1651 481 εἰςιόντων
1680 431 1747 474 έπί
1775 431 1831 475 τὰ
1861 431 1975 484 δεξιὰ
2004 429 2102 488 πρὸς
2127 435 2184 490 τῷ
2203 431 2361 491 Διπύλῳ

212 515 322 555 Dial.
354 513 463 553 Mer.
495 514 533 552 4.
565 513 604 552 3.
636 510 718 551 ΙΙΙ.
743 512 837 551 287.
888 509 928 551 ε’ν
958 507 1071 566 δεξιᾷ
1103 508 1174 564 μὲν
1205 508 1401 560 εἰςιέντων
1433 509 1477 551 αἱ
1504 515 1691 565 γυναῖκες
1720 509 1810 554 ’ὅλον
1839 511 1910 554 τὸν
1937 512 2360 569 κλιντῆραέπέλαβον

208 593 339 634 Com:
373 596 410 631 8.
442 590 524 631 ΙΙΙ.
556 592 650 630 423.
701 586 881 639 ε’ςιόντων
913 587 956 631 δὲ
985 590 1127 644 πρῶτα
1155 589 1330 649 ιοἰκοῦσιν
1361 589 1405 632 αἱ
1431 584 1563 644 Ὧραι
1593 591 1662 632 De
1695 591 1816 633 Sacr.
1849 595 1887 633 8.
1920 592 1953 633 Ι.
1987 594 2082 633 532.

403 671 454 721 5)
505 670 706 723 Denique
739 670 984 725 exemplum
1017 669 1209 719 afferam,
1241 671 1285 711 in
1308 685 1392 724 quo
1415 671 1608 712 nonnihil
1633 670 1905 713 offenderim:
1938 668 1958 714 ὃ
1990 671 2035 713 δὲ
2064 671 2199 727 μῢῗῖος
2228 685 2359 727 παρα-

206 748 334 803 λαβὼν
376 748 473 804 πρὸς
515 747 564 800 το,
604 746 927 803 παραδοξότερον
970 746 1043 804 τὴν
1087 746 1202 804 φύσιν
1247 746 1372 792 αὐτοῦ
1406 748 1644 806 διηγήσατο,
1691 747 1741 800 ὡς
1777 752 2064 806 γιγνομένου
2104 755 2183 804 (sc.
2216 747 2358 803 αὐτοῦ)

206 833 379 881 ταῦτα,
413 828 513 884 ἅπερ
545 828 725 883 ἐμιμεῖτο
758 829 806 869 ne
828 831 917 869 San.
943 831 1005 869 19.
1028 828 1087 869 ΙΙ.
1111 831 1227 878 279.;
1259 844 1401 884 neque
1432 831 1546 870 enim
1576 832 1714 871 ταῦτα
1744 831 1787 871 in
1809 832 1896 871 illis
1918 831 2230 885 adjectivorum
2254 845 2360 872 neu-

208 913 280 952 tris
314 909 638 958 numerandum,
671 923 783 962 quac
815 909 859 948 in
891 908 1261 950 substantivorum
1293 909 1479 964 gradum
1512 910 1627 950 elata
1656 925 1734 966 pro
1767 911 2149 951 indeclinabilibus
2181 918 2294 960 sunt,
2315 919 2361 951 ut

207 989 340 1045 μηδέν.
386 988 453 1030 Cf.
476 1004 544 1044 ap.
567 988 811 1029 Lucianum
836 987 950 1029 Piso.
975 990 1040 1028 ⁶25.
1064 988 1097 1028 Ι.
1121 990 1216 1030 595.
1266 985 1310 1030 οὐ
1341 987 1518 1030 παύεται
1548 985 1785 1030 ἀναπείῗῑων
1815 990 2051 1044 καταγελᾶν
2080 985 2205 1045 ἡμῶν,
2236 986 2288 1039 ὣς
2307 986 2360 1030 τὸ

209 1067 355 1124 μηδὲν
384 1065 504 1109 ’όντων
535 1076 574 1108 et
597 1083 664 1123 ap.
688 1068 829 1121 Kriig.
848 1070 913 1108 61.
931 1070 970 1108 8.
987 1070 1025 1109 3.
1056 1072 1143 1117 τοῖς
1165 1064 1279 1110 οὐδὲν
1299 1061 1418 1110 οὖσιν.
1464 1068 1618 1123 Itaque
1641 1078 1744 1124 puto
1768 1070 2123 1111 assimilationem
2146 1085 2240 1110 cam
2263 1084 2360 1110 csse

210 1153 435 1196 inversam,
458 1147 572 1202 quod
595 1162 733 1201 genus
757 1147 897 1201 Kriig.
918 1149 983 1187 51.
1004 1150 1067 1188 10.
1086 1150 1123 1188 9.
1157 1156 1377 1198 memorat,
1399 1157 1446 1188 ut
1465 1150 1602 1190 ταῦτα
1624 1149 1678 1189 ad
1701 1164 1887 1202 sequens
1910 1146 2010 1204 ἅπερ
2033 1150 2215 1190 relatum
2238 1149 2360 1197 sit*).

410 1227 459 1279 6)
510 1226 857 1282 Participium
889 1227 1187 1282 dynamioa,
1221 1243 1333 1282 quae
1366 1243 1390 1268 a
1420 1228 1653 1282 Kruegero
1686 1228 1858 1277 dicitur,
1897 1229 1967 1278 vi,
2007 1243 2081 1268 scu
2122 1228 2258 1283 quod
2290 1229 2361 1268 fa-

211 1308 421 1348 cultatis
455 1307 611 1347 habet
641 1307 741 1347 vim
774 1306 872 1355 (ΚΓ.
905 1308 971 1346 43.
1004 1309 1042 1348 4.
1075 1309 1141 1347 28.
1173 1307 1227 1348 cf.
1262 1307 1368 1348 Mat.
1401 1309 1432 1359 ξ.
1465 1310 1579 1358 570),
1613 1309 1710 1349 dico
1742 1309 2090 1366 participium
2122 1322 2214 1363 pro
2246 1307 2363 1348 sub-

211 1389 435 1428 stantivo
466 1387 695 1428 notionis
726 1387 1010 1427 universae
1043 1388 1154 1427 sive
1187 1387 1492 1428 abstractae
1526 1389 1756 1442 positum
1802 1382 1863 1439 (τὸ
1896 1384 2274 1442 μεταμελησόμενον
2305 1386 2362 1426 id.

210 1484 247 1522 q.
278 1464 304 1522 ὴ
334 1465 614 1521 μεταμέλεια).
675 1465 725 1506 In
757 1466 1050 1524 aliisiinguis
1096 1467 1140 1506 in
1172 1466 1282 1507 hanc
1315 1467 1569 1507 sententiam
1600 1467 1838 1507 infinitivus
1883 1468 2085 1524 usurpari
2119 1467 2241 1516 solet,
2288 1467 2363 1521 qui

210 1548 335 1587 ctiam
369 1563 434 1602 ap.
468 1545 661 1587 Graecos
694 1546 836 1586 locum
871 1546 1011 1586 habet.
1072 1544 1276 1586 Ceterum
1309 1547 1585 1601 antiquorum
1618 1547 1734 1602 apud
1767 1550 1916 1602 po‘e'tas
1949 1547 2063 1587 solos
2095 1554 2135 1586 et
2168 1560 2256 1595 cos,
2289 1545 2362 1600 qui

208 1627 417 1681 po'cticam
451 1626 681 1666 ‹lictionem
713 1626 953 1675 imitantur,
996 1625 1113 1665 velut
1145 1624 1470 1680 Thucydidem,
1517 1627 1580 1666 sic
1627 1627 1907 1682 participium
1946 1626 2150 1680 usurpari
2184 1625 2292 1666 solet
2323 1632 2363 1664 et

211 1721 316 1746 raro.
377 1705 737 1760 A1⁷›.<L11cianum
770 1705 876 1746 haec
899 1705 1005 1745 mihi
1028 1711 1309 1745 ocem-rerunt
1331 1706 1550 1761 exempla:
1582 1703 1660 1746 ἴδοι
1690 1701 1720 1746 δ’
1747 1702 1797 1747 ἄν
1827 1719 1888 1754 τις
1917 1700 1996 1746 οὐδ’
2025 1701 2147 1759 ἀργὸν
2178 1703 2365 1746 ε’νταῦῗα

207 1780 274 1824 τὸν
302 1782 444 1838 χρυσον
475 1779 566 1825 οὐδὲ
596 1782 715 1837 μόνον
744 1785 815 1825 τοῦ
845 1784 1113 1838 τέρποντος
1144 1783 1264 1826 ἕνεκα
1295 1785 1363 1825 De
1387 1785 1514 1826 Doni.
1538 1787 1575 1825 8.
1600 1785 1681 1825 ΙΙΙ.
1704 1787 1794 1825 195.
1840 1781 1866 1841 ἡ
1892 1781 2063 1839 ἀμαῖτία
2086 1782 2158 1839 μὲν
2179 1783 2362 1837 ἓρασεῐς,

210 1861 396 1918 ὀκνηροὺς
427 1861 469 1904 δὲ
500 1861 545 1904 τὸ
567 1863 916 1918 λελογισμένον
948 1861 1223 1919 ἀπεργάζεται
1253 1864 1336 1920 Ep.
1361 1865 1416 1904 ad
1438 1863 1561 1918 Nigr.
1583 1864 1618 1904 Ι.
1637 1867 1703 1904 38.
1737 1865 1966 1917 (sententia
1988 1863 2163 1917 quidem
2184 1861 2362 1918 Thucy-

210 1944 338 1983 ‹lidca
368 1952 443 1992 est,
477 1943 552 1983 sed
583 1931 717 1983 νει-ὦ
748 1943 950 1984 Luciani.
1001 1943 1140 1984 Thuc.
1172 1945 1286 1984 enim
1318 1945 1495 1999 scripsit
1518 1944 1594 1993 (II.
1619 1946 1726 1993 40.):
1758 1941 1779 1985 ὃ
1811 1948 1896 1993 τοῖς
1926 1931 2061 1992 ἄλλοις
2091 1939 2264 1997 ἀμαῖτία
2293 1939 2364 1996 μὲν

210 2020 376 2076 tapnim,
406 2019 642 2077 λογισμὸς
673 2020 716 2063 δὲ
747 2020 862 2064 ὄκνον
891 2023 1039 2078 φέρειλς
1079 2020 1123 2065 οὐ
1154 2024 1292 2065 ταῦτα
1322 2022 1465 2065 εἴκασέ
1492 2037 1536 2065 σε
1566 2025 1624 2080 τῷ
1653 2023 1884 2079 Προμηῖῑεῖ,
1917 2019 2024 2064 ἀλλὰ
2053 2019 2098 2064 τὸ
2131 2018 2364 2076 καινουργὸν

209 2103 324 2143 τοῦτο
355 2101 520 2143 ἐπαινῶν
550 2100 622 2143 καὶ
652 2099 710 2157 μὴ
740 2100 837 2157 πρὸς
866 2100 962 2144 ἄλλο
983 2118 1023 2145 τι
1045 2099 1269 2159 ἀρχέτυπον
1300 2102 1638 2159 μεμιμημένον
1670 2103 1813 2145 Prom.
1836 2106 1875 2145 3.
1898 2103 1931 2143 Ι.
1949 2105 2031 2152 27.,
2064 2116 2149 2156 quo
2172 2102 2268 2159 loco
2291 2110 2363 2160 aut

211 2183 347 2222 active
377 2179 422 2223 το
452 2182 725 2237 μεμιμημένον
756 2183 902 2237 „quod
931 2184 1121 2225 imitatus
1154 2187 1229 2224 es“
1261 2184 1583 2239 expiicandum,
1616 2190 1689 2223 aut
1722 2183 1836 2237 quod
1868 2183 2008 2236 magis
2040 2181 2145 2221 mihi
2177 2180 2363 2229 videtur,

212 2262 402 2315 passive:
434 2263 664 2311 „omissam
685 2263 1010 2312 i1nitati0nem“;
1042 2278 1173 2318 saepe
1205 2264 1318 2303 enim
1351 2264 1591 2318 perfectum
1618 2263 1744 2317 hujus
1768 2263 1890 2303 verbi
1914 2262 2091 2319 passive
2113 2268 2363 2316 usurpatur.

997 2502 1062 2552 De
1109 2500 1571 2568 Praepositionibus,
1600 2525 1650 2581 0

653 2603 680 2648 1.
726 2601 1074 2662 Praepositiones‚
1107 2614 1210 2660 quae
1241 2616 1332 2650 oum
1359 2616 1441 2651 uno
1473 2615 1573 2650 casu
1604 2603 1916 2661 conjunguntur.

1062 2692 1106 2744 1)
1150 2707 1244 2734 cum
1272 2695 1509 2749 yenett‘ro:

628 2784 823 2824 ENEKA
856 2784 939 2836 (vol
974 2785 1128 2825 similis
1160 2785 1440 2840 praepositio,
1472 2793 1517 2825 ut
1549 2784 1736 2828 XAPIN]
1769 2784 1941 2824 omissa.

410 2859 479 2900 De
510 2862 741 2903 omissione
777 2864 893 2918 apud
931 2861 1192 2904 infinitivum
1224 2864 1310 2904 vid.
1343 2864 1451 2905 Mat.
1483 2867 1578 2905 539.
1610 2863 1663 2906 A.
1697 2865 1732 2902 1.
1781 2862 1925 2916 Kriig.
1957 2863 2024 2902 47.
2056 2862 2192 2902 2212.
2251 2859 2363 2902 Cum

213 2938 412 2977 omissam
444 2954 538 2979 esse
570 2942 935 2996 praepositionem
969 2943 1081 2993 dico,
1113 2958 1198 2984 non
1230 2945 1383 2998 ignoro
1406 2943 1601 2985 Graecos
1622 2943 1751 2996 longe
1773 2942 1899 2982 aliter
1920 2941 2111 2982 sensisse
2130 2955 2210 2981 nec
2232 2941 2363 2980 omis-

212 3016 373 3056 sionem
415 3018 490 3058 sed
522 3022 884 3062 constructionem
930 3023 1057 3076 hujus
1088 3024 1281 3077 genetivi
1312 3024 1522 3064 rationem
1554 3038 1650 3063 esse
1681 3022 1885 3063 voluisse.
1945 3019 2034 3061 Sed
2063 3019 2238 3074 praeter
2267 3019 2364 3059 infi-

413 3142 449 3192 *)
487 3146 554 3183 Ad
595 3147 901 3185 assimilationes
933 3149 1108 3188 inversas
1150 3163 1174 3188 a
1204 3150 1384 3188 Luciano
1417 3150 1535 3188 etiam
1567 3150 1665 3188 haec
1695 3148 1811 3186 nobis
1843 3148 2104 3198 praebentur:
2136 3140 2177 3184 τί
2205 3137 2284 3196 γὰρ
2315 3139 2364 3183 ἂν

211 3204 459 3262 ἐπράττομεν
489 3205 562 3251 οὐκ
593 3210 764 3264 ἔχοντες,
795 3206 853 3252 ὦν
881 3216 1122 3268 προνοοῦμεν
1151 3211 1332 3257 τούτων
1363 3218 1495 3255 Prom.
1529 3230 1558 3255 s.
1595 3218 1640 3256 C.
1677 3218 1738 3254 16.
1772 3216 1803 3253 I.
1843 3215 2077 3253 199—200.
2108 3224 2127 3256 Ἃ
