2456 3501
1268 146 1357 191 50

231 313 367 363 Philop.
402 311 466 350 ⁶28.
500 307 580 348 111.
613 308 707 347 617.
768 304 835 347 Cf.
868 319 1002 360 supra
1043 305 1097 346 ad
1135 303 1210 347 ἐπί.
1270 304 1319 355 ἐς
1355 303 1407 347 τὸ
1446 301 1635 356 ἀτενέςε
1675 305 1762 350 ἐπεὶ
1799 306 1844 350 δέ
1879 305 1992 358 ἅπαξ
2032 305 2111 363 τὴν
2143 306 2236 364 ὄψιν
2264 308 2308 359 ἐς
2335 307 2383 352 τὸ

227 387 364 439 ἀτενὲς
394 384 677 442 ἀπηρεισάμην
707 385 818 427 Icar.
853 388 916 429 12.
948 385 1006 427 11.
1031 387 1125 427 765.
1161 384 1240 431 Cf.
1273 400 1405 440 supra
1436 385 1490 428 ad
1522 385 1610 436 ἐις.7
1634 385 1768 429 κατὰ
1798 385 1849 429 τὸ
1883 383 2117 430 ἀκούσιον
2147 402 2225 445 pro
2255 384 2377 432 ἀκου-

228 469 319 518 σίως
351 468 465 509 Pise.
502 469 564 507 12.
598 465 630 506 Ι.
663 466 757 506 581.
789 472 869 507 etc.

1039 567 1497 575 --—-——<-————-——-—
1503 569 1574 574 —-—

1031 668 1098 718 De
1137 661 1577 734 Go’njunctionibuS.

429 772 592 822 Pauca,
624 787 720 814 cum
753 770 879 828 plura
910 770 1028 821 mihi,
1061 770 1114 811 de
1146 771 1303 825 quibus
1336 771 1567 827 disputem,
1599 778 1751 827 parata
1780 773 1878 825 sint,
1909 775 1988 817 hoc
2020 776 2114 818 loco
2145 774 2336 817 afferam.

1216 863 1258 912 1)
1289 862 1398 903 INA.

429 940 698 982 Posteriores
745 941 844 981 inde
882 957 908 982 a
938 940 1174 982 Plutarcho
1211 939 1290 991 ἵνα,
1336 955 1448 995 quae
1486 942 1701 996 particula
1730 943 1872 984 finalis
1906 951 1984 994 est,
2030 959 2107 1000 pro
2139 941 2243 987 ὥστε
2272 944 2311 985 h.
2343 961 2381 985 e.

228 1036 304 1076 pro
344 1020 561 1076 particula
599 1021 878 1062 consecutiva
913 1035 997 1061 non
1027 1034 1124 1061 raro
1156 1005 1432 1076 usurp-arunt.
1477 1019 1545 1062 Cf.
1578 1021 1729 1076 Steph.
1762 1020 1893 1063 Thes.
1953 1021 2088 1076 Cujus
2119 1025 2213 1065 vitii
2247 1039 2379 1066 unum

228 1115 296 1155 ap.
319 1099 564 1141 Lucianum
586 1100 830 1155 exemplum
854 1101 1017 1154 reperi:
1048 1095 1122 1153 οὐχ
1153 1097 1282 1149 οὕτως
1312 1096 1486 1155 ἄσπορος
1515 1097 1608 1141 οὐδὲ
1638 1098 1822 1155 ἄκαρπος
1850 1098 1876 1158 ἡ
1907 1104 1978 1144 τοῦ
2007 1100 2245 1153 Πλούτωνος
2274 1101 2382 1159 ἀρχὴ

226 1176 316 1222 οὐδὲ
347 1179 591 1221 ἐπιλέλοιπεν
620 1175 732 1233 ἡμᾶς
762 1175 781 1221 ὃ
814 1174 1049 1235 ἀσφόδελος,
1079 1177 1145 1220 ’ἕνα
1174 1175 1262 1234 παρ’
1299 1175 1408 1234 ὑμῶν
1436 1176 1492 1221 τὰ
1522 1179 1633 1221 σιτία
1662 1178 2040 1237 μεταστελλώμείῗα
2067 1182 2138 1224 De
2161 1183 2286 1224 Luet.
2315 1186 2378 1224 19.

228 1259 284 1300 II.
317 1261 409 1300 731.
443 1259 533 1309 (An
565 1258 688 1313 Nigr.
719 1261 786 1299 30.
818 1258 852 1299 Ι.
885 1260 1030 1308 71.‘??)

430 1341 473 1388 2)
506 1337 796 1379 Memorarem
828 1339 956 1378 etiam
988 1339 1069 1380 ΩΣ
1101 1345 1142 1379 et
1173 1339 1348 1391 ΟΠΩΣ,
1381 1354 1492 1393 quae
1523 1341 1674 1381 finales
1706 1347 1804 1381 sunt
1835 1341 2088 1396 particulae,
2126 1356 2204 1398 pro
2237 1342 2379 1382 infini-

225 1419 313 1458 tivo
343 1415 612 1466 Jonicorum,
643 1425 690 1458 ut
721 1417 907 1467 videtur,
939 1418 1148 1459 rationem
1180 1428 1445 1472 sequentem,
1478 1421 1513 1460 si
1546 1420 1723 1473 quidem
1754 1421 1872 1475 apud
1903 1420 2174 1462 Herodotum
2207 1421 2252 1462 id
2284 1435 2380 1462 sae-

228 1498 325 1552 pius
358 1498 574 1537 invenitur
605 1496 675 1549 (cf.
709 1497 814 1538 Mat.
849 1499 943 1537 531.
971 1497 1026 1538 A.
1050 1500 1108 1547 2.)
1140 1513 1375 1553 usurpasse
1407 1514 1504 1539 eum
1537 1502 1620 1549 (utz
1652 1496 1726 1541 οὐκ
1757 1497 1885 1541 ἄδικα
1914 1497 2094 1556 αἰτήσειν
2123 1499 2238 1542 ἔοικα
2267 1497 2379 1553 παρὰ

226 1577 309 1626 σοῦ,
340 1572 392 1625 ὡς
420 1574 492 1617 καὶ
523 1571 647 1626 αὐτὸς
677 1575 717 1618 ἐν
747 1577 804 1633 τῷ
835 1576 945 1631 μέρει
975 1575 1192 1632 διεξέλῖῖης
1224 1578 1390 1618 Anach.
1422 1581 1488 1618 40.
1521 1578 1579 1619 II.
1613 1581 1707 1620 921.
1766 1577 1840 1621 καὶ
1874 1579 2075 1622 συνέκειτο
2112 1576 2223 1635 ἡμῖν,
2261 1577 2381 1630 ὅπως,

226 1652 389 1697 ἐπειδὰν
424 1655 702 1712 κατακοιμίση
738 1652 834 1706 τοὺς
871 1655 1087 1709 δεσπότας,
1133 1657 1239 1713 ἐλῖἳῃ
1277 1656 1369 1698 εἴσω
1399 1654 1488 1712 παρ’
1525 1656 1597 1712 ἐμὲ
1626 1656 1699 1700 καὶ
1727 1656 1972 1715 καῖΐευδήσῃ
2003 1661 2058 1700 As.
2091 1661 2130 1700 6.
2162 1658 2220 1701 ll.
2252 1661 2381 1708 575.)‚

225 1737 309 1775 nisi
342 1736 642 1790 cognovissem
673 1737 802 1777 etiam
835 1735 1059 1777 Platonem
1092 1737 1201 1778 hane
1233 1738 1450 1777 licentiam
1483 1739 1696 1779 interdum
1730 1739 1982 1795 sumpsisse.

846 1818 888 1862 3)
919 1817 1006 1858 MH
1038 1832 1114 1872 pro
1145 1814 1305 1860 ΟΠΩΣ
1337 1819 1422 1858 ΜΗ
1451 1818 1520 1858 vel
1552 1818 1647 1860 INA
1676 1819 1762 1859 ΜΗ

227 1895 265 1934 h.
298 1909 333 1935 e.
367 1895 608 1951 simplicem
640 1896 914 1950 negationem
946 1911 1024 1951 pro
1056 1897 1272 1951 particula
1303 1898 1420 1939 finali
1452 1899 1580 1939 etiam
1613 1897 1729 1952 apud
1760 1898 1960 1951 antiquos
1983 1897 2166 1938 inveniri
2191 1904 2380 1944 constat;

226 1974 301 2014 sed
340 1975 469 2016 miror
507 1976 549 2016 in
592 1976 711 2016 nulla
742 1991 910 2025 earum,
958 1990 1065 2030 quas
1098 1977 1281 2030 inspexi,
1315 1977 1470 2018 artium
1502 1992 1552 2016 ea
1584 1976 1636 2017 de
1667 1992 1713 2017 re
1745 1977 1984 2030 quidquam
2015 1992 2082 2017 me
2113 1977 2379 2032 disputatum

224 2054 437 2108 reperisse
468 2069 547 2095 nec
586 2054 805 2104 traditum,
853 2062 994 2095 utrum
1040 2056 1232 2109 aliquam
1263 2056 1471 2096 rationem
1504 2057 1548 2096 in
1577 2071 1630 2097 ea
1661 2058 1797 2096 secuti
1829 2057 1913 2097 sint
1944 2057 2007 2097 illi
2038 2071 2186 2097 necne.
2247 2055 2378 2107 Quod

228 2147 323 2172 eum
357 2134 415 2173 ita
447 2133 514 2182 sit,
548 2149 633 2174 non
664 2142 940 2189 perspectum
973 2135 1078 2175 mihi
1110 2142 1186 2184 est,
1220 2135 1582 2188 quemadmodum
1616 2144 1688 2176 aut
1719 2145 1985 2191 quantopere
2009 2135 2231 2176 Luci-anus
2263 2136 2306 2175 in
2330 2149 2380 2175 eo

226 2212 319 2252 loco
353 2212 405 2252 ab
438 2213 523 2253 illis
556 2212 739 2263 differat,
772 2215 852 2254 etsi
884 2215 987 2254 satis
1020 2215 1124 2263 seio,
1158 2218 1289 2255 multo
1322 2216 1497 2270 saepius
1529 2230 1626 2255 eum
1659 2230 1788 2269 quam
1821 2215 1917 2258 illos
1942 2215 2129 2270 simplici
2152 2215 2378 2269 negatione

226 2305 348 2331 usum
382 2306 489 2333 esse.
548 2291 640 2333 Nec
671 2307 773 2334 vero
805 2308 888 2333 non
919 2294 1130 2334 rationem
1161 2293 1376 2347 quandam
1418 2301 1591 2335 secutus
1630 2309 1726 2335 esse
1758 2293 1941 2343 videtur,
1989 2294 2024 2334 si
2058 2293 2232 2347 quidem
2265 2293 2372 2335 duo-

226 2370 306 2410 bus
339 2371 444 2410 locis
477 2371 661 2426 simplex
693 2369 751 2427 μή
784 2387 881 2412 eum
913 2387 1150 2427 usurpasse
1181 2373 1478 2423 animadverti,
1510 2375 1696 2428 primum
1729 2381 1826 2428 post
1856 2373 1990 2414 verba
2020 2374 2251 2427 negatione
2279 2383 2379 2428 apta

226 2450 362 2498 (velut
399 2447 443 2492 ού
485 2447 674 2505 δύναμαι,
721 2447 764 2492 ού
796 2452 931 2506 Ξῖέμις,
971 2448 1045 2494 ούκ
1085 2448 1282 2506 ἀσφαλές)
1330 2453 1398 2493 vel
1430 2454 1657 2507 negativas
1689 2453 1943 2501 sententias;
1989 2451 2146 2494 deinde
2177 2452 2379 2507 suppleto

228 2529 297 2568 vel
329 2529 572 2585 supplendo
605 2531 737 2572 verbo
770 2532 960 2574 timendi.

900 2615 946 2664 a)
978 2617 1089 2666 post
1119 2611 1261 2653 ‘cerba
1292 2613 1534 2666 wegyatione
1566 2618 1702 2667 apta:

427 2684 476 2729 ού
506 2687 655 2742 ῗῑέμις
685 2688 862 2744 ἐκφέρειν
895 2687 1004 2733 αὐτὰ
1034 2688 1131 2746 πρὸς
1161 2689 1350 2740 ἅπαντας
1380 2689 1473 2733 οὐδὲ
1502 2689 1558 2734 τὰ
1589 2689 1800 2747 ἀπόρρητα
1831 2688 2095 2746 ἐξαγορεύειν,
2129 2687 2185 2747 μὴ
2216 2688 2290 2732 καί
2317 2705 2380 2740 τις

225 2762 336 2820 ἡμᾶς
367 2764 576 2822 γράψηται
608 2770 771 2821 Nevyom.
804 2772 841 2809 2.
873 2770 907 2810 Ι.
939 2773 1034 2812 458.
1093 2767 1142 2812 ού
1173 2768 1250 2825 γὰρ
1282 2766 1503 2826 ἀσφαλὲς
1532 2772 1658 2826 λέγειν
1689 2768 1743 2813 τὰ
1772 2772 1958 2823 τοιαῦτα,
1991 2767 2046 2827 μὴ
2078 2770 2152 2812 καί
2181 2784 2220 2811 τι
2248 2766 2379 2811 κακὸν

226 2841 513 2900 ἀπολαύσωμεν
542 2847 616 2902 τῆς
645 2847 843 2902 φλυαρίας
875 2850 992 2890 Dial.
1024 2850 1156 2890 Deor.
1191 2853 1255 2891 ⁶21.
1289 2853 1325 2890 2.
1359 2851 1391 2891 Ι.
1416 2853 1509 2893 1268.
1561 2849 1611 2894 οὗ
1643 2849 1861 2905 δύναμαι
1888 2848 1958 2892 τὸν
1988 2848 2125 2905 ἀγῶνα
2153 2848 2274 2892 εἰπεῖν
2304 2845 2377 2890 ὑπὸ

226 2926 295 2966 τοῦ
326 2921 505 2978 ἀκράτου
535 2924 608 2981 τὴν
637 2928 818 2980 γλῶτταν
849 2929 1118 2984 πεπεδημένη,
1150 2927 1207 2985 μὴ
1241 2927 1313 2970 καὶ
1342 2930 1500 2984 γέλωτα
1520 2929 1629 2986 ὄφλω
1661 2931 1747 2970 Bis.
1767 2931 1874 2971 Ace.
1895 2931 1958 2970 15.
1981 2930 2039 2971 ΙΙ.
2057 2932 2151 2971 809.
2197 2924 2378 2970 ἀποπλα-

226 3003 296 3042 νᾶν
327 2999 376 3044 ού
409 3001 653 3059 βούλομαι
681 3003 748 3048 τὸν
778 3004 907 3061 λόγον,
939 3006 995 3063 μή
1028 3022 1096 3050 σου
1127 3007 1354 3064 ἐπιταράξῃ
1386 3007 1460 3065 τὴν
1489 3009 1646 3065 γνώμην
1678 3008 1844 3050 Anach.
1877 3010 1942 3049 21.
1974 3008 2033 3052 II.
2066 3011 2161 3051 903.

929 3087 971 3138 h)
1005 3092 1111 3141 post
1143 3090 1389 3129 sententias
1420 3091 1683 3143 veyatimts:

427 3160 530 3216 μηδὲ
560 3159 655 3216 ὑπὲρ
685 3160 753 3206 τὸν
783 3164 891 3208 πόδα
922 3166 1023 3208 ἔστω
1053 3163 1098 3208 τὸ
1130 3164 1335 3222 ὑπόδημα,
1367 3165 1424 3222 μὴ
1454 3166 1527 3211 καὶ
1557 3166 1794 3223 ἐπιστομίσῃ
1825 3182 1876 3221 με
1897 3167 2247 3222 ἐμπεριπατοῦσαν
2269 3162 2378 3222 αὐτῷ

227 3236 311 3277 Pro
349 3238 482 3293 Imug.
520 3243 580 3284 10.
614 3242 670 3282 11.
703 3246 796 3284 490.
842 3241 887 3286 σὺ
925 3243 968 3286 δὲ
1005 3245 1109 3302 μήτε
1145 3245 1372 3289 πείὶῗεσὶἳαι
1410 3245 1516 3302 μήτε
1553 3247 1754 3302 προςέχειν
1785 3243 1907 3304 αὐτῷ,
1938 3245 1995 3300 μή
2027 3258 2070 3287 σε
2101 3243 2376 3299 ἐκτραχηλίσῃ
