2456 3501
1137 118 1198 161 11

94 279 271 337 ἐφεστὼς
301 279 404 337 ἑώρα
434 278 506 322 καί
536 279 742 321 διέταττεν
774 277 944 327 ἕκαστα,
980 278 1132 331 πρῶτον
1168 274 1240 331 μὲν
1277 273 1351 317 οὐκ
1389 273 1438 318 ἂν
1467 272 1706 332 ἠγνόησεν
1735 276 1874 327 οἵτινες
1904 276 1939 318 οῖ
1968 275 2134 332 χρηστοὶ
2164 274 2237 318 καὶ

96 359 132 401 οἱ
161 359 316 416 φαυλοί,
345 359 486 402 ἔπειτα
515 355 676 414 ἑκάστῳ
704 354 778 413 τὴν
810 353 929 407 ἀξίαν
960 353 1219 410 ἀπένειμεν
1249 363 1328 396 etc.
1373 354 1478 411 Jup.
1501 350 1632 410 Trag.
1655 358 1722 396 49.
1745 355 1804 396 ΙΙ.
1822 358 1915 396 697.
1961 356 2238 411 Quamquam

97 439 167 480 hic
197 439 326 479 etiam
356 439 540 479 aoristus
586 436 780 489 intellegi
826 442 979 490 potest,
1027 436 1062 475 si
1096 435 1268 488 quidem
1301 449 1385 475 non
1416 435 1682 484 sententiam,
1729 436 1850 489 cujus
1881 436 1989 476 ratio
2020 436 2237 490 generalis

97 527 175 567 est,
206 517 396 573 proferre
427 531 525 556 eum
557 529 794 563 censemus,
843 514 917 554 sed
949 514 1122 567 singula
1153 513 1379 567 quaedam,
1424 528 1536 567 quae
1572 513 1687 554 facta.
1717 528 1812 554 esse
1844 515 1963 563 sciat,
2009 515 2240 554 enunciare

97 611 212 645 eum,
242 595 496 650 praesertim
527 608 624 634 eum
656 594 785 633 etiam
815 593 1288 647 plusquamperfeetum
1319 607 1403 633 non
1434 593 1493 632 ita
1523 592 1656 633 multo
1687 600 1783 648 post
1815 602 2030 646 sequatur.

924 672 1138 712 Aorz'stus
1167 672 1412 725 quondo-us.

300 752 401 803 Quo
433 752 703 805 antiquorum
735 753 888 805 poetae
920 751 1105 790 maxime
1151 752 1219 790 usi
1252 758 1361 800 sunt,
1409 751 1620 805 pedestris
1653 752 1856 792 orationis
1889 752 2119 806 scriptores
2149 757 2241 791 tan-

98 839 202 881 tum,
247 846 378 886 quum
420 831 677 884 exquisitius
718 829 863 869 dicere
901 829 1123 877 volebant3
1169 830 1344 884 saepius
1377 844 1427 870 eo
1457 830 1616 870 utendo
1647 830 1899 871 immodeste
1930 838 2057 884 atque
2090 829 2239 885 putide

99 912 242 951 facere
275 910 358 950 sibi
389 910 471 949 visi
503 916 659 949 essent.
705 908 815 949 Luc.
847 909 987 948 minus
1020 908 1210 948 modeste
1241 909 1469 962 minusque
1502 909 1646 949 Attice
1676 909 1793 958 fecit,
1826 923 1952 962 quem
1985 911 2158 965 saepius
2190 925 2240 951 eo

99 1004 223 1029 usum
256 1003 352 1029 esse
384 989 596 1043 exemplis
622 992 711 1041 jam
744 988 951 1043 probabo,
999 1002 1109 1040 quae
1140 999 1281 1027 tamen
1312 988 1440 1041 longe
1473 989 1678 1028 minorem
1711 1002 1873 1037 eorum,
1919 1002 2030 1041 quae
2061 996 2242 1038 exstant,

100 1077 264 1122 partem
310 1068 522 1107 efficiunt:
568 1065 724 1120 ἔχιδναν
755 1067 922 1122 φιλῆσαι
958 1064 1121 1121 ἄμεινον
1142 1079 1151 1087 ·
1174 1067 1315 1122 δῆγμα
1347 1066 1432 1107 ἐκεῖ
1459 1064 1505 1108 τὸ
1536 1064 1777 1121 κινδύνευμα
1815 1065 1888 1108 καὶ
1918 1064 1937 1108 ὃ
1968 1063 2104 1122 ἰατρὸς
2135 1066 2244 1122 ἐπή-

100 1161 240 1200 μυνεν
277 1145 479 1186 Pseudol.
513 1147 578 1186 23.
609 1145 690 1188 ΙΙΙ.
727 1148 816 1186 181).
863 1142 881 1186 ὃ
914 1143 958 1186 δὲ
987 1145 1155 1187 ἐπαινῶν
1183 1142 1238 1187 τὰ
1271 1143 1386 1200 φύσει
1416 1143 1566 1200 dyas&
1596 1143 1847 1202 ἐπηύξησε
1877 1144 1950 1187 καί
1981 1145 2100 1201 μείζω
2131 1143 2239 1188 ἀπέ-

100 1239 217 1281 φηνε
254 1223 338 1266 Pro
369 1225 505 1278 Imag.
540 1227 605 1265 20.
637 1225 695 1265 ΙΙ.
726 1227 819 1265 500.
865 1222 1027 1265 ἐπειδάν
1061 1239 1122 1274 τις
1161 1223 1229 1280 ’ίδῃ
1266 1221 1340 1266 οὐκ
1377 1222 1604 1280 ἀξιόμαχος
1634 1222 1697 1277 ὢν,
1729 1228 1821 1277 βοῦν
1851 1223 2032 1280 ἱερεύσας
2060 1223 2115 1267 τὰ
2143 1226 2244 1281 κρέα

100 1302 285 1360 ἥψησεν
315 1303 421 1344 Tox.
439 1304 581 1344 4811.
600 1306 692 1344 554.
738 1303 772 1345 εἰ
794 1302 930 1345 δὲκαὶ
958 1301 1063 1346 πάνυ
1095 1301 1318 1359 ὀργισῖνεῖεν
1349 1303 1596 1359 (ἅνῖΐρωποι)
1626 1302 1652 1361 ἢ
1676 1302 1890 1354 κονδύλους
1920 1304 2242 1360 ἐνετρίῲαντο

99 1382 125 1438 ἦ
157 1379 271 1425 κατὰ
300 1379 447 1437 κόρρης
477 1380 733 1433 ἐπάταξαν
764 1382 906 1424 From.
933 1386 994 1423 1().
1019 1383 1051 1424 Ι.
1079 1386 1282 1424 193-94.
1328 1380 1347 1425 ὃ
1382 1381 1426 1424 δὲ
1455 1384 1576 1439 πένης
1607 1382 1814 1426 ἱλάσατο
1844 1381 1912 1426 τὸν
1941 1382 2039 1426 ἳῑεὸν
2069 1382 2244 1440 φιλήσας

102 1460 219 1517 μόνον
246 1459 321 1516 τὴν
351 1458 473 1502 αὐτοῦ
506 1460 637 1511 δεξιάν
667 1462 735 1502 Ι)0
768 1461 887 1503 Sacr.
923 1465 986 1502 12.
1019 1463 1052 1503 Ι.
1081 1465 1174 1503 536.
1221 1461 1286 1504 ε’πί
1314 1466 1413 1505 πᾶσι
1445 1461 1488 1504 δὲ
1516 1466 1591 1518 πῦρ
1624 1459 1864 1513 ἀνακαύσας
1895 1460 1932 1515 (ὃ
1964 1463 2108 1518 ἱερεὺς)
2141 1463 2241 1505 ε’πέ-

102 1543 230 1596 &qus
260 1573 268 1582 .
301 1573 309 1582 .
342 1573 350 1582 .
383 1541 488 1581 ibid.
523 1543 585 1583 13.
636 1537 655 1582 ὃ
685 1539 763 1595 γὰρ
785 1533 908 1590 ῗΑπις
939 1538 1010 1582 ἐὰν
1044 1538 1253 1598 άποῖἳάνῃ,
1293 1541 1355 1592 τίς
1383 1540 1486 1585 οὕτω
1515 1542 1603 1598 περὶ
1634 1544 1778 1585 πολλοῦ
1808 1547 1980 1585 ποιεῖται
2008 1540 2081 1600 τὴν
2110 1541 2243 1600 κόμην

101 1619 211 1669 ὅστις
241 1616 315 1661 οὐκ
345 1616 570 1675 ἀπεξύρησε
599 1618 672 1661 καὶ
704 1645 753 1650 —-
786 1619 1072 1672 ἐπεδείξατο
1114 1623 1218 1662 ibid.
1261 1624 1323 1662 15.
1375 1622 1416 1663 ἐν
1450 1626 1543 1671 ταῖς
1582 1620 1808 1678 διαῖΐήκαις
1839 1620 2246 1678 ἀπεκλείσῖῖησαν

104 1698 139 1740 οἱ
167 1697 294 1740 πάλαι
324 1696 676 1753 δορυφορήσαντες,
709 1696 728 1740 ὃ
760 1698 804 1741 δὲ
833 1704 928 1750 παῖς
958 1699 1031 1742 καὶ
1059 1697 1085 1756 ἦ
1120 1699 1236 1756 φύσις
1266 1704 1458 1756 κρατοῦσι
1492 1702 1610 1744 Dial.
1642 1702 1770 1743 Mort.
1804 1706 1841 1743 6.
1873 1705 1910 1743 3.
1942 1703 1976 1743 Ι.
2008 1705 2102 1744 351.
2163 1702 2248 1744 Cui

106 1779 288 1819 uox-istus
320 1780 363 1818 in
395 1779 474 1819 hoo
506 1780 702 1834 exemplo
733 1781 1003 1835 propinquus
1039 1782 1229 1821 videtur:
1275 1778 1344 1822 ὅτε
1379 1779 1423 1822 δὲ
1452 1779 1524 1822 καί
1555 1777 1878 1836 ἀπογευσάμενος
1908 1780 2024 1836 μόνον
2054 1782 2245 1831 ἔδωκας

105 1855 242 1913 ἐκείνῳ
273 1854 363 1912 (τὴν
393 1854 556 1909 κύλικα)
588 1855 660 1898 καί
689 1855 846 1908 πιόντος
876 1855 1088 1912 ἀπολαβὼν
1118 1859 1241 1910 πίνεις
1271 1860 1311 1901 ἐν
1342 1857 1448 1916 αὐτῇ
1481 1861 1612 1902 Deor.
1636 1861 1752 1904 Dial.
1785 1863 1823 1902 5.
1856 1864 1893 1902 2.
1928 1862 1961 1902 Ι.
1994 1865 2088 1903 214.
2147 1862 2248 1904 Huc

106 1937 235 1976 etiam
266 1936 445 1976 dubium
478 1952 531 1976 an
562 1951 722 1987 eorum,
770 1953 880 1991 quae
912 1947 1163 1993 sequuntur,
1209 1941 1504 1995 exemplorum
1538 1941 1750 1994 quaedam
1782 1941 1977 1982 vocanda
2009 1942 2106 1991 sint,
2153 1957 2251 1982 cum

108 2015 219 2056 hunc
252 2015 305 2056 ab
338 2016 485 2064 altero,
524 2016 577 2055 de
609 2030 692 2069 quo
716 2017 806 2069 jam
839 2018 1083 2073 disputabo,
1117 2021 1274 2060 aoristo
1306 2021 1521 2061 nonnullis
1554 2021 1660 2061 loeis
1693 2021 1871 2061 difficile
1903 2022 1957 2061 sit
1988 2021 2247 2061 discernere.

308 2094 557 2135 Aoristus
589 2110 680 2150 pro
711 2106 987 2151 praesente
1018 2106 1250 2153 usurpatus
1283 2100 1336 2139 de
1367 2115 1426 2149 re,
1461 2114 1570 2153 quae
1602 2108 1674 2140 aut
1705 2101 1882 2141 subito
1915 2108 2252 2141 autnecessa-

109 2174 188 2214 rio
218 2174 618 2228 certissimeque
655 2177 701 2215 fit
740 2184 812 2216 aut
849 2178 922 2217 fiet
967 2181 1064 2225 (zur
1095 2178 1406 2232 Bozeiehnung
1437 2179 1512 2219 des
1543 2180 2002 2234 unverziiglichen
2033 2181 2137 2222 oder
2169 2197 2252 2221 uu-

109 2252 538 2294 ausbleiblichen
568 2254 765 2295 Eiutritts
796 2257 916 2296 einer
945 2255 1205 2311 Handlung)
1238 2258 1290 2298 ef.
1322 2258 1463 2312 Kriig.
1495 2260 1526 2310 ξ.
1561 2260 1626 2299 53.
1658 2261 1696 2300 3.
1727 2261 1765 2299 4.
1827 2259 1958 2310 Quod
1997 2234 2253 2314 supra3Lu-

109 2332 232 2372 clano
263 2331 575 2385 objeceramus,
597 2334 722 2387 quod
754 2335 917 2375 ratione
949 2335 1106 2376 Atticis
1138 2351 1222 2377 nou
1260 2338 1387 2392 plane
1429 2338 1569 2378 aliena
1600 2338 1761 2379 abusus
1793 2347 1921 2387 esset,
1955 2340 2083 2379 etiam
2115 2341 2254 2394 magis

110 2410 179 2451 hic
211 2413 251 2451 ei
283 2412 607 2467 exprobramus,
636 2414 682 2453 'si
716 2415 888 2467 quidem
921 2415 1054 2455 Attici
1086 2431 1169 2456 nou
1202 2431 1332 2472 saepe
1364 2417 1443 2457 hoe
1475 2418 1568 2457 loeo
1600 2419 1757 2458 aoristo
1790 2419 1983 2473 (saepius
2016 2420 2144 2459 etiam
2174 2434 2253 2459 nec

109 2499 250 2530 tamen
288 2504 417 2545 saepe
455 2492 663 2546 perfeeto)
702 2494 768 2532 usi
803 2502 913 2543 sunt,
953 2509 1020 2549 ap.
1053 2494 1296 2535 Lucianum
1329 2503 1469 2536 autem
1502 2497 1700 2551 exempla
1731 2498 1876 2537 aoristi
1907 2498 2257 2550 frequentissima

111 2578 207 2609 sunt
238 2576 410 2623 tamque
439 2571 586 2620 multa,
618 2580 664 2611 ut
696 2573 767 2612 vix
799 2575 1038 2613 enumerari
1063 2575 1239 2629 possint.
1285 2574 1461 2615 Habeas
1486 2576 1659 2628 quidem
1684 2576 1810 2617 haec:
1838 2572 1861 2616 ὃ
1882 2573 1958 2630 γὰρ
1979 2576 2080 2625 τέως
2099 2574 2254 2630 χαλκὸς

109 2638 172 2700 ἦν,
201 2647 317 2688 τοῦτο
347 2647 601 2703 ἐγκλίναντος
633 2647 760 2705 ὀλίγον
789 2649 934 2705 χρυσὸς
963 2649 1103 2708 ὥφῖτη
1137 2654 1205 2693 De
1225 2654 1353 2695 Dom.
1374 2656 1435 2694 11.
1455 2654 1536 2694 ΙΙΙ.
1558 2657 1760 2695 197—98.
1806 2652 1885 2696 κᾶν
1914 2670 2006 2697 τινα
2034 2653 2107 2697 ἴδω
2128 2652 2258 2697 αὐτῶν

110 2723 364 2779 μοιχεύοντα,
392 2725 517 2777 εὐῒςὺς
547 2729 850 2787 ἐπισπασαμένη
879 2727 925 2772 τὸ
955 2732 1072 2787 νέφος
1101 2731 1486 2788 ἐνεκαλυψάμην
1517 2733 1626 2774 Iear.
1648 2737 1711 2774 21.
1745 2734 1801 2775 ΙΙ.
1825 2735 1919 2775 776.
1969 2733 2126 2776 ἐκείνων
2155 2733 2258 2784 τινὲς

111 2803 182 2858 μὲν
212 2804 355 2859 μικραί
383 2806 459 2848 ἐισι
487 2806 560 2848 καί
591 2805 742 2851 αὐτίκα
763 2809 997 2864 ἐκραγεῖσαι
1020 2807 1304 2868 ἀπέσβησαν
1335 2812 1462 2853 Char.
1485 2815 1547 2853 19.
1594 2811 1630 2854 οἱ
1650 2812 1694 2854 δὲ
1715 2811 1805 2868 ἅμα
1824 2816 1881 2870 τῷ
1902 2812 2093 2869 ξυστῆναι
2114 2811 2255 2855 ἐπαύ-

111 2897 258 2925 σαντο
288 2885 393 2926 ibid.
422 2886 455 2926 Ι.
486 2889 580 2927 516.
629 2890 858 2931 τελευταῖον
896 2886 932 2931 δ’
961 2887 1018 2931 ὑπ’
1046 2890 1184 2940 αἰδοῦς
1223 2888 1332 2949 αὐτῷ
1368 2891 1648 2947 ἐπέτρεψας
1685 2894 1755 2933 De
1786 2893 1923 2933 More.
1956 2892 2091 2934 Cond.
2125 2896 2188 2933 20.
2223 2892 2257 2934 Ι.

112 2965 163 3003 67
169 2964 318 3004 5-76.
367 2961 414 3019 ἢν
444 2963 515 3018 μὲν
544 2965 610 3008 ε’πί
639 2969 707 3009 τοῦ
739 2970 880 3023 σεμνοῦ
912 2969 1101 3024 φυλάττω
1131 2969 1320 3026 ἐμαυτὸν,
1355 2967 1487 3026 ἀηδὴς
1518 2969 1685 3024 ἔδοξα,
1732 2970 1779 3027 ἢν
1810 2970 1852 3013 δὲ
1882 2969 2088 3026 μειδιάσω,
2118 2986 2258 3012 κατε-

112 3039 347 3097 φρόνησεν
377 3039 502 3093 εύῗῖὺς
529 3044 603 3087 καὶ
633 3048 887 3089 διέπτυσεν
920 3049 987 3089 Ι)0
1009 3049 1070 3092 M.
1090 3049 1139 3091 C.
1160 3051 1277 3091 301.
1297 3054 1389 3090 690.
1436 3047 1486 3106 ἦν
1515 3049 1667 3105 τύχωσί
1693 3065 1804 3102 ποτε,
1837 3048 2106 3106 ἀνέκραγον
2135 3047 2260 3100 εῦῖῒύς

114 3118 306 3161 Hermot.
327 3123 394 3163 33.
417 3122 450 3163 Ι.
477 3126 570 3164 774.
620 3126 771 3181 σκῆψις
799 3124 876 3181 γὰρ
907 3124 932 3183 ἡ
963 3126 1077 3178 νόσος
1106 3127 1179 3170 καὶ
1209 3128 1314 3184 φυγὴ
1345 3129 1507 3181 ἔδοξεν
1538 3131 1606 3171 De
1640 3131 1775 3172 Mero.
1808 3129 1857 3171 C.
1888 3134 1953 3173 3-2.
1987 3131 2020 3171 Ι.
2053 3132 2259 3171 690-91.

113 3199 232 3240 τοῦτο
271 3198 306 3240 οῑ
335 3198 406 3254 μὲν
435 3201 601 3258 χρηστοὶ
642 3203 741 3246 αἰδῶ
772 3203 1017 3249 ἐκάλεσαν
1055 3209 1123 3249 De
1155 3209 1216 3249 M.
1250 3207 1299 3250 C.
1333 3211 1396 3250 11.
1429 3209 1462 3250 Ι.
1495 3213 1588 3251 666.
1639 3206 1684 3251 σὺ
1718 3208 1761 3251 δὲ
1791 3207 2012 3265 ἐξεταστὴς
2041 3207 2182 3264 πικρὸς
2211 3206 2261 3251 ὢν

1934 3290 1992 3329 2*
