2456 3501
1159 115 1189 158 2

89 276 119 334 ἦ
151 273 420 332 ἀκουσμάτων
450 274 553 330 ἅπερ
583 274 753 328 Κριτίαν
783 273 1007 329 ἐξέπληξαν
1051 276 1228 327 ΡΙιίΙιιῃειι.
1254 273 1395 314 2.111.
1419 274 1514 313 586.
1565 269 1609 314 οὐ
1639 272 1774 321 καλῶς
1804 269 2076 327 ἀποβήσονται
2105 271 2240 316 ταῦτά

91 372 139 411 γε
167 354 222 399 τὰ
253 354 417 399 ἐνύπνια
448 355 551 395 ibid.
584 357 649 394 21.
673 369 773 409 pag.
796 358 889 393 (505).
949 351 1264 408 κατεφλυάρουν,
1296 349 1348 402 ὧς
1378 353 1660 406 μεταλλαγῶσι
1689 348 1744 392 τὰ
1765 349 1988 405 πράγματα
2019 351 2075 391 ib.
2101 354 2167 392 24.
2198 367 2239 407 p.

95 438 189 476 613.
246 430 301 476 τὰ
331 435 505 475 τοιαῦτα
535 432 850 486 παρεισάγονται
882 441 922 472 et
954 430 989 473 εἰ
1020 428 1161 487 ἀληῖῑῆ
1196 431 1270 473 εἰσι
1299 432 1436 473 ταῦτα
1467 431 1523 471 ib.
1560 434 1624 471 26.
1658 446 1698 486 p.
1730 433 1824 470 615.

294 513 444 554 Elinus
477 513 693 553 mirabilia
723 519 764 551 et
795 527 847 552 ex
879 511 1026 560 altero,
1059 527 1185 565 quem
1218 512 1483 565 excepimus,
1523 510 1629 558 loeo,
1667 517 1713 549 ut
1743 509 1926 558 videtur,
1958 509 2241 565 explicanda:

93 591 231 634 πάντα
265 589 343 647 γὰρ
379 589 434 632 τὰ
470 588 586 632 κακὰ
625 594 710 639 τοῖς
749 586 976 644 ἀνῗρώποις
1012 589 1060 630 ἐκ
1097 591 1173 644 τῆς
1207 587 1356 631 τούτων
1395 587 1614 642 ἐπιῖνυμίας
1650 585 1818 643 φύονται
1855 586 1929 628 καὶ
1966 585 2128 637 στάσεις
2165 587 2239 630 καὶ

93 670 257 727 πόλεμοι
293 669 366 712 καὶ
401 667 605 722 ἐπιβουλαὶ
641 667 713 711 καὶ
750 667 905 724 σφαγαί
942 670 1023 721 Cyn.
1050 671 1112 708 15.
1146 668 1225 709 ΙΙΙ.
1258 670 1352 709 547.
1411 666 1438 722 ἢ
1469 665 1602 708 ε’κεῖνά
1633 680 1676 708 σε
1707 665 1888 720 μάλιστα
1918 665 1975 715 εἰς
2003 665 2077 723 τὴν
2106 666 2238 708 πίστιν

93 748 370 792 ἐπεσπάσαντο
403 745 621 799 ἀκούοντα,
667 744 719 797 ὦς
750 746 953 802 Διομήδης
983 746 1054 802 μὲν
1085 747 1229 802 ἔτρωσε
1258 745 1332 803 τὴν
1357 743 1613 801 Ἀφροδίτην,
1645 741 1736 787 εἶτα
1764 744 1832 787 τὸν
1851 745 1979 801 ’Ἄρην
2011 780 2018 787 .
2052 779 2059 787 .
2134 743 2240 801 μετὰ

92 828 232 886 μικρὸν
262 828 306 871 δὲ
336 825 450 870 αὐτοὶ
480 825 747 882 ξυμπεσόντες
777 826 813 868 οἱ
841 825 934 870 ‘sset
963 826 1283 882 ε’μονομαχοῦντο
1314 824 1387 867 καὶ
1404 823 1568 880 Ἀῗΐηνᾶ
1589 822 1798 880 μέν”Αρην
1818 824 2140 879 καταγωνίζεται
2160 833 2240 866 etc.

92 909 197 965 Jup.
229 908 360 962 Trag.
392 910 458 950 40.
491 907 547 948 ΙΙ.
582 910 698 948 687.,

295 987 343 1028 ln
375 1002 459 1028 uno
491 987 688 1041 exemplo
720 987 862 1041 σχῆμα
892 982 1136 1040 Πινδαρικόν
1169 985 1238 1037 (de
1272 1000 1356 1038 quo
1387 1001 1426 1024 v.
1460 984 1537 1024 Kr.
1569 987 1634 1024 (53.
1667 986 1705 1024 4.
1736 985 1762 1023 4
1799 991 1839 1024 et
1872 984 1987 1024 Dial.
2020 984 2141 1039 Synt.
2175 987 2240 1025 63.

92 1069 131 1108 3.
163 1069 200 1107 4.
242 1066 349 1106 Mat.
382 1068 475 1106 302.
509 1068 546 1106 2.
591 1065 695 1106 Rost
727 1067 758 1116 ξ.
787 1068 876 1104 100.
910 1065 962 1105 A.
986 1066 1027 1116 6)
1062 1065 1302 1104 adhibitum
1334 1079 1430 1104 esse
1462 1065 1705 1119 putaveris:
1738 1062 1892 1104 δίκαιον
1922 1055 1987 1104 οὖν
2017 1060 2089 1117 οὐχ
2120 1060 2241 1118 ὑμᾶς,

92 1147 129 1187 οἳ
159 1143 357 1196 δικάζετε,
390 1141 497 1186 ἀλλὰ
527 1143 600 1186 καί
629 1142 682 1185 τὰ
711 1140 831 1185 λοιπὰ
860 1141 1092 1198 γράμματα
1121 1145 1195 1198 τῆς
1225 1142 1368 1197 πείρας
1398 1143 1501 1197 ἔχειν
1531 1138 1620 1183 τινὰ
1651 1140 1836 1197 φυλακήν
1868 1155 1876 1162 ·
1908 1141 1942 1182 εἰ
1971 1141 2048 1196 γὰρ
2079 1140 2242 1192 ἐξέσται

91 1229 176 1273 τοῖς
206 1223 456 1278 βουλομένοις
487 1220 565 1264 ἀπὸ
595 1225 669 1279 τῆς
697 1219 794 1266 καῖς’
823 1219 931 1264 αὐτὰ
960 1220 1115 1273 τάξεως
1145 1222 1186 1272 ἐς
1209 1220 1421 1277 ἀλλοτρίαν
1443 1220 1658 1273 βιάζεσῗαι
1679 1254 1688 1263 .
1720 1254 1728 1263 .
1761 1254 1769 1262 .
1801 1219 1872 1275 οὐχ
1895 1218 1971 1276 δρῶ
1989 1221 2080 1262 τίνα
2098 1219 2243 1276 τρόπον

94 1303 138 1345 αἱ
166 1301 372 1353 συντάξεις
400 1300 455 1344 τὰ
485 1301 647 1358 νόμιμα,
679 1302 731 1358 ἐφ
766 1297 824 1351 οἷς
858 1300 1022 1357 ε’τάχῖςη
1053 1300 1109 1343 τὰ
1139 1299 1230 1343 κατ’
1255 1298 1400 1355 ἀρχὰς,
1432 1299 1581 1352 ἕξουσιν
1610 1299 1714 1342 Jud.
1738 1300 1842 1342 Voc.
1864 1303 1904 1342 3.
1926 1300 1960 1341 1.
1982 1303 2047 1341 85.
2107 1301 2241 1341 Gess-

93 1398 170 1424 ner
199 1383 346 1423 vertit:
378 1397 462 1423 non
493 1382 633 1432 video,
666 1382 880 1436 quomodo
913 1397 991 1422 sua
1021 1383 1183 1436 quique
1216 1382 1387 1422 ordines
1413 1382 1525 1435 jura,
1550 1383 1675 1435 juxta
1706 1395 1817 1434 quae
1849 1395 1874 1420 a
1904 1381 2118 1435 principio
2141 1395 2242 1421 con-

93 1463 219 1503 stit-iti
251 1466 348 1511 sunt,
381 1462 628 1501 tuebuntur.
679 1460 881 1502 Ceterum
915 1461 968 1502 de
1000 1461 1231 1502 schematis
1262 1459 1485 1501 Pindarici
1517 1461 1559 1500 in
1591 1459 1779 1515 pedestri
1813 1448 2002 1500 oratione
2033 1474 2114 1499 usu
2145 1459 2242 1498 aliis

93 1541 137 1581 in
168 1540 311 1581 verbis
344 1547 472 1594 atque
503 1541 546 1580 in
578 1535 691 1592 εἶναι,
722 1539 933 1594 γίγνεσῗΐαι
963 1541 1269 1594 similibusque
1301 1540 1561 1594 quibusdam
1595 1540 1860 1594 aliquantum
1894 1539 2056 1587 dubito,
2087 1544 2127 1577 et
2157 1538 2243 1577 nisi

94 1620 381 1675 corruptelam
427 1621 522 1660 loco
569 1621 710 1661 inesse
753 1620 1026 1660 statuendum
1072 1627 1150 1669 est,
1196 1635 1280 1661 non
1319 1618 1362 1660 αῖ
1403 1616 1620 1670 συντάξεις,
1668 1619 1743 1659 sed
1772 1613 1827 1658 τὰ
1856 1615 2095 1672 γράμματα,
2127 1617 2244 1671 quod

92 1699 240 1754 paullo
272 1700 472 1754 superius
504 1700 778 1739 enunciatum
810 1707 914 1748 erat,
947 1699 1128 1753 subjecti
1161 1700 1255 1740 loco
1288 1699 1527 1749 habuerim,
1567 1699 1682 1752 quod
1720 1698 1846 1739 etiam
1881 1698 1933 1737 ad
1966 1695 2008 1738 αἱ
2038 1693 2244 1746 συντάξεις

94 1779 353 1832 cogitatione
385 1778 672 1831 adjiciendum
706 1779 760 1819 sit
790 1780 867 1832 (sc.
899 1777 943 1819 αἱ
973 1791 1008 1820 σ.
1040 1781 1118 1819 τῶν
1147 1776 1432 1833 γραμμάτων).

296 1858 342 1908 b)
374 1858 555 1913 pluralis
587 1864 682 1912 post
714 1858 978 1911 singularem
1019 1858 1238 1899 nominum
1278 1857 1614 1898 collectivorum.
1674 1855 1941 1912 Usurpatum
1990 1856 2108 1896 illum
2148 1871 2243 1896 esse

87 1939 177 1992 jam
209 1938 262 1978 ab
295 1938 482 1991 antiquis
513 1937 782 1978 notissimum
813 1945 897 1986 est3
930 1937 1005 1978 sed
1039 1938 1171 1978 multo
1204 1937 1344 1990 magis
1375 1952 1473 1976 eum
1494 1936 1811 1989 frequentatum
1835 1951 1927 1975 esse
1950 1951 1974 1975 a
1994 1935 2244 1975 recentiori-

94 2016 175 2057 bus
208 2016 314 2057 haec
345 2016 627 2071 comprobant
656 2015 914 2057 Bernhardii
947 2017 1081 2056 verba
1113 2014 1309 2066 (Griech.
1342 2013 1747 2055 Literatur—Gesch.
1781 2014 1814 2055 I.
1840 2017 1962 2064 532):
2008 2013 2131 2054 Aber
2160 2014 2244 2054 alle

95 2095 398 2151 (Sopliiste11*)
430 2096 644 2135 stimmten
675 2096 732 2135 im
764 2095 943 2150 Princip
975 2096 1094 2136 einer
1125 2095 1397 2135 effectvollen
1418 2094 1705 2147 Darstclluug
1738 2108 1982 2134 zusammen
2013 2093 2102 2133 und
2133 2092 2244 2133 auch

96 2174 141 2214 in
172 2173 248 2214 der
276 2174 497 2215 Literatur
527 2174 702 2214 wurden
735 2174 915 2215 manche
947 2176 1124 2230 pikante
1155 2174 1299 2215 Mittel
1332 2174 1418 2214 und
1450 2173 1720 2225 Kunstgriffe
1753 2173 2023 2213 verbraucht.
2084 2171 2243 2213 Solohe

98 2253 194 2293 sind
226 2253 459 2294 besonders
491 2253 809 2308 syntaktischer
837 2252 933 2304 Art,
965 2255 1046 2294 wie
1076 2251 1121 2294 τὸ
1153 2249 1427 2309 ἀσυνάρτητον
1457 2253 1561 2294 oder
1590 2267 1702 2293 nom.
1725 2252 1872 2300 absol„
1897 2251 2046 2304 h²<tufig
2069 2251 2137 2291 bei
2161 2251 2244 2291 den

97 2331 333 2372 Aelianern
369 2332 458 2373 und
488 2331 754 2382 Philostrati,
801 2332 877 2373 das
921 2333 1189 2387 Asyndeton,
1236 2333 1305 2373 die
1339 2334 1504 2373 kccken
1534 2331 1745 2386 Ellipsen,
1778 2331 1846 2371 die
1877 2330 1987 2371 noch
2019 2330 2243 2384 hiiufigere

98 2410 297 2452 Struetur
325 2412 435 2452 nach
467 2411 562 2452 dem
595 2411 822 2465 Sinne**)‚
867 2413 949 2453 wie
982 2412 1058 2452 der
1087 2411 1238 2452 Plural
1270 2412 1339 2452 bei
1370 2410 1819 2464 Kollectivbegriffen.
1879 2408 2014 2462 Cujus
2047 2417 2242 2450 constru—

99 2490 252 2530 ctionis
297 2492 425 2531 etiam
467 2491 711 2532 Lucianum
759 2491 1099 2532 amantissimum
1131 2506 1226 2532 esse
1266 2506 1425 2545 magna
1455 2490 1749 2544 exemplorum
1782 2489 1908 2543 copia
1939 2490 2136 2542 cognovi,
2170 2489 2245 2529 scd

99 2584 196 2610 cum
227 2584 310 2611 non
334 2571 424 2623 jam
454 2571 576 2612 initio
607 2570 723 2626 apud
754 2586 821 2610 me
853 2577 1078 2620 constaret,
1125 2571 1205 2612 hae
1249 2571 1293 2612 in
1325 2586 1370 2611 re
1400 2569 1685 2610 recentiorum
1731 2569 1937 2608 rationem
1970 2568 2023 2608 ab
2057 2569 2243 2622 antiquis

300 2727 338 2779 *)
371 2730 504 2769 Genus
544 2732 789 2770 literatorum
827 2731 1025 2769 hominum
1064 2733 1295 2770 recentioris
1335 2731 1490 2779 aetatis,
1530 2730 1568 2767 in
1607 2730 1750 2779 quibus
1790 2730 1907 2767 etiam
1944 2729 2145 2767 Lucienus
2178 2742 2244 2766 nu-

98 2803 282 2836 moratur.

301 2862 366 2915 **)
396 2867 525 2904 Etiam
559 2867 722 2905 aliarum
752 2861 864 2906 κατὰ
895 2860 1044 2905 σύνεσιν
1075 2872 1355 2905 structurarum
1389 2866 1484 2904 satis
1517 2866 1638 2902 multa
1669 2873 1881 2903 occurrunt
1903 2865 2095 2913 exempla,
2119 2864 2244 2901 velut:

98 2927 170 2970 καί
198 2927 244 2970 τὸ
276 2929 391 2984 μέχρι
421 2932 495 2985 τῆς
525 2930 575 2972 ἕω
607 2929 718 2985 παρὰ
747 2934 803 2988 τῷ
829 2928 1082 2984 Ἀγαῖςοκλεῖ
1112 2932 1312 2986 διέτριβεν,
1354 2927 1759 2984 ἀναλογιζόμενοι
1798 2930 1885 2979 (hoc
1917 2932 1964 2968 de
1997 2933 2174 2978 subjecto
2207 2938 2247 2969 et

100 3001 326 3049 Agathocle
359 3001 471 3038 simul
503 3002 772 3051 prm-dicatur)
803 2994 858 3040 τὰ
887 3000 1150 3054 πεπραγμένα
1181 3003 1279 3040 Tox.
1318 3002 1378 3039 17.
1412 3002 1462 3038 II.
1499 3003 1590 3038 525.
1652 2996 1724 3038 καί
1755 3011 1820 3051 μοι
1851 2996 2005 3036 δοκεῖτε
2036 2994 2092 3044 εἰς
2121 2992 2246 3036 καλὸν

99 3062 503 3118 διατεῇήσεσῗΐαι
533 3061 607 3119 τὴν
638 3064 845 3121 διατριβήν
876 3070 1054 3119 Philops.
1087 3073 1153 3108 ⁴29.
1187 3071 1260 3108 III.
1296 3072 1360 3107 56.
1395 3068 1505 3118 quasi
1539 3069 1769 3105 antecedat:
1809 3062 1882 3104 καί
1912 3076 1977 3116 μοι
2008 3064 2118 3104 δοκεῖ
2144 3059 2244 3117 ὓμῖν.

99 3127 200 3186 ἀωρὶ
227 3129 305 3185 γὰρ
336 3133 411 3174 τῶν
441 3135 589 3174 νυκτῶν
619 3132 899 3185 ἐξαναστὰς
929 3134 1042 3185 ἔδοξέ
1070 3149 1137 3190 μοι
1167 3137 1267 3176 llem.
1299 3136 1382 3174 Eue.
1420 3139 1452 3174 1.
1487 3136 1558 3173 111.
1592 3138 1686 3174 491.
1724 3135 1835 3185 quasi
1868 3135 2098 3183 insequatur
2128 3128 2247 3180 ἔδοξα

99 3203 158 3240 vel
191 3195 335 3255 ᾠόμην.
