2456 3501
1122 172 1194 216 13

286 331 379 376 οὐδὲ
421 332 567 388 ἐχρῆν
611 330 801 386 δευτέραν
842 330 918 387 τῆς
953 326 1206 385 Ἀντιοχείας
1248 330 1467 386 κεκρίσῖῖαι
1511 326 1638 386 αὐτήν
1683 330 1885 373 Pseudol.
1917 334 1984 374 21.
2015 333 2098 374 ΙΙΙ.
2133 335 2225 375 178.

83 411 221 470 ἠγεῖτο
256 410 336 468 γὰρ
373 413 521 467 χρῆναι
549 413 667 452 τοῦτο
698 407 1011 452 κατασκευάσαι
1039 408 1112 451 καὶ
1140 410 1215 465 τῆς
1243 407 1431 465 πρότερον
1461 407 1624 464 ἀγωγῆς
1653 407 1907 464 ἐστοχάσῖῑαι
1936 411 2058 466 Nigr.
2091 414 2156 452 28.
2189 412 2223 453 Ι.

85 495 151 534 68.
199 488 290 534 οὐδὲ
317 487 418 540 ὅλως
446 489 567 544 ἐχρῆν
595 486 688 538 τοὺς
718 485 952 543 ἀνῗῖρώπους
979 488 1182 543 γεγονέναι
1213 488 1355 530 Prom.
1378 491 1439 529 ll.
1458 489 1491 529 Ι.
1514 490 1605 528 194.
1651 488 1772 545 ἐχρῆν
1801 488 1874 544 μὲν
1902 486 2224 532 ἀναπεπλάσῖῑαι

84 569 176 620 τοὺς
204 567 438 624 ἀνῖςρώπους
476 568 616 609 Proin.
650 568 710 608 Ι7.
744 567 776 608 Ι.
811 572 905 607 200.
955 567 1077 623 ἐχρῆν
1113 565 1190 622 γὰρ
1228 568 1433 609 σεσῶσῖῑαι
1469 564 1543 623 τὴν
1570 567 1701 608 παῖδα
1730 567 1847 608 Dial.
1878 568 1990 609 Mar.
2024 572 2086 609 14.
2118 570 2156 610 3.
2189 570 2223 610 Ι.

84 652 178 691 323.
228 640 259 705 ᾧ
286 647 355 689 τον
385 645 528 690 ἄῗςλιον
556 647 840 701 προςηλῶσῇαι
870 644 1036 702 δεήσει
1066 646 1208 687 Prom.
1234 649 1268 687 1.
1292 646 1325 687 Ι.
1350 648 1441 687 185.
1492 644 1564 700 ἐμὲ
1594 647 1655 687 δεῖ
1682 645 1976 701 προκεκρίσῗΐαι
2005 661 2074 689 σου
2105 648 2224 688 Dial.

84 728 214 769 Mort.
248 730 310 767 12.
344 729 379 766 1.
411 727 445 767 Ι.
477 729 570 767 380.
620 724 698 781 ἤδη
738 724 781 767 δὲ
819 723 991 781 καιρὸς
1028 723 1084 767 ἂν
1120 725 1195 781 εἴη
1232 724 1452 780 κεκρίσῗῑαι
1482 721 1686 779 ὁπότερον,
1716 721 1828 780 ἡμῶν
1857 723 1933 781 τῆν
1964 724 2097 776 δεξιὰν
2128 724 2222 767 ἀπο·

83 806 318 861 τετμῆσῖῖαι
353 805 434 846 δέοι
472 805 578 846 Tox.
610 808 676 845 62.
708 804 765 845 ΙΙ.
798 807 1004 846 565—66.
1053 801 1104 846 οὗ
1141 808 1303 859 χεῖρον
1341 802 1414 845 καὶ
1451 800 1548 858 πρὸς
1586 803 1761 853 ἐκείνους
1799 803 1989 859 εἰρῆσῖῖαι
2027 805 2095 846 De
2126 805 2224 846 hist.

85 901 248 927 consor.
271 887 308 925 5.
332 885 389 925 ΙΙ.
413 888 450 925 7.
499 881 697 933 δίκαιός
726 883 857 925 ἐστιν
888 880 1136 925 ἀπολωλέναι
1168 883 1281 924 Piso.
1306 886 1341 923 2.
1368 883 1400 923 Ι.
1423 886 1517 923 571.
1569 880 1619 932 ἃς
1648 884 1818 932 καλῶς
1847 878 1949 936 εἶχε
1980 881 2227 925 δεδικάσῇαι

85 965 159 1006 Bis
192 964 296 1004 Aee.
332 966 394 1004 14.
427 963 484 1004 ΙΙ.
517 966 610 1003 809.
661 960 861 1017 ἄμεινον
895 960 973 1018 γὰρ
1012 959 1185 1017 ὡρίσῖῖαι
1220 959 1294 1003 καὶ
1330 960 1703 1017 ἀπραγμονέστερον
1742 962 1857 1002 Dial.
1890 962 2019 1004 Mort.
2049 966 2087 1005 4.
2123 966 2157 1002 ].
2191 962 2225 1003 Ι.

85 1045 178 1083 341.
222 1040 334 1097 ὑμεῖς
364 1041 408 1084 δὲ
436 1041 482 1083 τί
510 1056 654 1097 φατες
685 1040 725 1083 τί
754 1039 823 1082 δαὶ
854 1039 950 1083 ἀλλο
979 1040 1007 1097 ἢ
1038 1038 1238 1096 ἀφεῖσίται
1269 1038 1391 1082 αὐτὸν
1419 1043 1490 1082 τοῦ
1514 1039 1770 1097 ἐγκλήματος
1788 1038 1861 1082 καὶ
1881 1039 1992 1096 φίλον
2010 1037 2106 1096 ἡμῖν
2127 1037 2224 1082 ἀνα·

83 1118 321 1177 γεγράφῒΐαι
353 1123 428 1173 (sc.
458 1124 621 1177 χρῆναι)
655 1120 770 1161 Piso.
801 1123 866 1161 38.
899 1120 934 1161 Ι.
967 1123 1060 1161 607.

283 1206 390 1261 ἐξὸν
420 1208 791 1265 εὐγνωμονεστέροις
820 1207 893 1251 καί
921 1210 1189 1264 βεβαιοτέροις
1217 1209 1452 1265 κεχρῆσῇαι
1482 1213 1580 1251 Rem.
1613 1213 1697 1251 Eue.
1729 1212 1795 1252 42.
1827 1209 1908 1252 ΙΙΙ.
1942 1211 2035 1250 521.

283 1299 379 1342 Non
411 1303 502 1341 sine
533 1301 701 1350 idonea,
733 1302 818 1340 imo
849 1301 1108 1350 necessaria,
1141 1316 1271 1341 eausa
1304 1302 1540 1356 perfeetum
1571 1309 1824 1355 usurpatum
1859 1299 2029 1340 videtur
2060 1301 2102 1340 in
2134 1300 2227 1341 his:

84 1379 226 1434 ἔπρεπε
256 1377 299 1420 δὲ
328 1377 406 1434 *ἴδη
438 1392 499 1421 σοι
528 1378 600 1420 καὶ
627 1379 905 1435 γεγαμηκέναι
938 1379 1053 1422 Dial.
1073 1379 1203 1421 Deor.
1223 1382 1288 1420 20.
1310 1382 1372 1422 13.
1392 1379 1423 1420 Ι.
1444 1382 1537 1420 264.
1581 1376 1709 1435 ἡδέως
1739 1375 1789 1421 ἂν
1808 1376 1965 1435 ἠξίωσα
1983 1379 2224 1433 πεπρᾶσῖἳαι

86 1459 200 1499 Dial.
233 1458 364 1500 Deor.
397 1461 462 1498 24.
495 1461 532 1498 2.
565 1458 597 1498 Ι.
630 1462 721 1501 277.

284 1560 488 1600 Liberius
521 1574 648 1613 quam
680 1561 722 1601 in
754 1560 1051 1616 superioribus
1084 1561 1322 1616 perfeetum
1355 1561 1593 1601 admissum
1625 1561 1796 1600 videtur
1827 1569 1922 1616 post
1945 1561 2090 1611 verba,
2115 1575 2226 1614 quae

84 1654 166 1679 non
198 1639 390 1688 eandem,
422 1653 549 1692 quam
582 1639 981 1689 demonstravimus,
1013 1640 1100 1680 vim
1134 1640 1303 1690 habent,
1336 1640 1412 1680 sed
1440 1648 1582 1680 tamen
1605 1640 1755 1680 eodem
1778 1640 1869 1680 fere
1892 1640 2076 1694 quodam
2100 1639 2226 1681 modo

83 1718 278 1758 revocari
310 1729 501 1772 possunt.

283 1807 457 1862 δέομαι
479 1809 578 1857 (σοῦ)
609 1809 829 1863 πεφεῖσὲιαι
848 1811 924 1865 τῆς
943 1808 1126 1864 Ξΐυμέλης
1147 1809 1220 1861 (=
1236 1806 1447 1864 βούλομαι)
1472 1811 1531 1850 De.
1549 1810 1637 1849 Salt.
1656 1811 1720 1849 76.
1740 1809 1794 1850 ΙΙ.
1812 1812 1906 1850 309.
1953 1807 2230 1864 φυλακτέον

83 1901 148 1941 μοι
178 1884 236 1942 μὴ
265 1883 338 1942 τὴν
366 1884 499 1942 ψυχὴν
528 1887 609 1942 παρ’
635 1885 900 1942 Ἀντιπάτρου
922 1889 1286 1943 δεδωροδοκηκέναι
1307 1891 1378 1942 (=
1399 1884 1442 1930 οὐ
1465 1886 1676 1942 βούλομαι)
1709 1890 1808 1929 [Dein.
1827 1890 1911 1928 Bne.
1935 1890 2001 1928 44.
2024 1886 2107 1927 ΙΙΙ.
2130 1889 2224 1929 523.

82 1963 154 2007 καὶ
197 1962 288 2008 οὔτε
332 1969 571 2021 στρατηγοῖς
615 1966 671 2017 εἰς
701 1967 849 2017 κάλλος
877 1965 1124 2023 ἠμέληται
1153 1964 1207 2009 τοὶ
1238 1966 1528 2022 στρατεύματα
1559 1965 1792 2009 συντάττειν
1825 1992 1876 1996 -
1907 1965 1998 2008 οὔτε
2028 1967 2227 2022 γραφεῦσι

83 2044 158 2095 τὰς
187 2043 346 2095 εἰκόνας
374 2046 617 2101 γεγραφέναι
648 2053 721 2097 (=
751 2044 795 2089 οὐ
828 2046 1105 2102 βεβούληνται)
1139 2049 1284 2088 Charisi.
1318 2049 1382 2088 25.
1414 2046 1496 2087 ΙΙΙ.
1529 2049 1623 2087 633.
1683 2046 1941 2087 Insolentius
1973 2061 2096 2087 vero:
2135 2041 2155 2086 ὃ
2186 2042 2230 2086 δὲ

82 2124 274 2179 Λαέρτου,
302 2121 347 2166 ὃν
377 2124 509 2166 ἔσωσα
538 2123 814 2167 κινδυνεύοντα
843 2124 1163 2182 κατακεκόφῖΐαι
1195 2127 1303 2167 Dial.
1340 2126 1468 2167 Mort.
1501 2128 1566 2166 29.
1590 2127 1636 2165 Ἰ1.
1669 2125 1703 2166 Ι.
1728 2128 1822 2165 449.
1884 2125 2015 2175 Quod
2047 2125 2227 2165 verbum

84 2204 297 2257 quomodo
327 2204 381 2244 ad
412 2219 543 2245 unum
576 2220 628 2245 ex
659 2206 877 2259 prioribus
909 2221 1120 2255 revocem,
1151 2221 1236 2247 non
1267 2206 1407 2254 video,
1437 2205 1519 2245 nisi
1550 2204 1657 2246 forte
1680 2220 1776 2261 eum
1804 2204 1961 2244 debere
1984 2204 2101 2256 (δεῖν)
2125 2219 2226 2245 con-

77 2284 272 2336 jungam,
318 2298 400 2323 non
440 2284 613 2334 realem,
659 2284 734 2324 sed
776 2285 963 2337 logica-m
996 2285 1211 2338 quandam
1242 2285 1542 2325 necessitatem
1575 2285 1845 2338 intellegenS,
1879 2298 1956 2323 nec
1990 2283 2225 2338 perfectam

85 2377 179 2402 eam
212 2362 286 2403 sed
319 2365 766 2417 approximantem
802 2363 840 2403 h.
873 2380 909 2404 e.
943 2364 1291 2419 probabilitatem
1325 2364 1434 2417 (‚,als
1466 2378 1512 2403 er
1545 2386 1595 2393 -
1626 2363 1739 2404 nach
1772 2361 2121 2403 Beschaffenheit
2152 2362 2230 2402 der

86 2439 322 2482 Umsti‘tnde
353 2465 407 2470 --
437 2442 788 2496 niedergehauen
818 2443 989 2484 werden
1022 2444 1279 2495 musste“).

282 2541 376 2583 Non
414 2543 535 2597 piget
575 2543 653 2584 hoc
686 2544 779 2584 loeo
813 2559 1046 2585 memorare
1077 2546 1204 2586 etiam
1236 2545 1530 2601 praesentis
1561 2544 1889 2584 infinitivum
1920 2557 2012 2597 pro
2043 2542 2223 2583 futuro

84 2620 317 2661 admissum
348 2623 542 2676 reperiri,
574 2638 657 2663 non
689 2624 812 2676 quasi
845 2623 1034 2664 modeste
1066 2624 1146 2665 hac
1176 2624 1388 2673 libertate,
1420 2631 1465 2663 ut
1486 2623 1601 2673 fecit,
1624 2637 1729 2663 usus
1752 2622 1992 2662 Atticorum
2018 2622 2225 2661 rationem

87 2699 302 2747 violasset,
340 2700 415 2740 sed
456 2708 501 2741 ut
540 2703 777 2742 curiositati
810 2702 995 2751 cuidam,
1027 2718 1138 2756 quae
1170 2704 1213 2743 in
1243 2703 1367 2743 nobis
1400 2704 1523 2752 inest,
1555 2703 1856 2756 obsequamur.
1917 2699 2040 2742 Conf'.
2072 2700 2223 2741 Madv.

84 2779 115 2829 ξ.
140 2780 232 2818 171.
253 2777 307 2818 Α.
331 2780 368 2819 2.
414 2779 491 2822 Kr,
514 2781 579 2821 53.
605 2782 639 2820 1.
667 2783 728 2820 10.
779 2776 867 2835 Οὐχ
896 2776 1131 2835 ὑπόσχοιντο
1163 2779 1212 2823 ἄν
1242 2794 1303 2823 σοι
1331 2780 1566 2835 Περδίκκαν
1593 2777 1900 2836 παραλαβόντες
1931 2775 2226 2835 ἀποφαίνειν

79 2852 391 2912 Ὀλυμπιονίκην
436 2854 542 2899 ἀλλὰ
585 2855 660 2914 τῆν
697 2860 888 2902 δοῇεῖσαν
918 2856 1111 2903 ὑπόῖῖεσιν
1141 2856 1291 2915 ἀμείνω
1322 2842 1613 2915 ἀποφαίνειν
1642 2860 1711 2900 De
1744 2860 1840 2900 hist.
1876 2873 2040 2900 consor.
2072 2860 2138 2899 35.
2170 2858 2228 2898 11.

85 2937 264 2976 47—48.
315 2932 360 2977 οὐ
389 2933 467 2991 γὰρ
498 2934 682 2987 συνετοὺς
712 2935 1003 2994 ἀποφαίνειν
1031 2937 1126 2989 τοὺς
1155 2935 1212 2995 μῆ
1244 2936 1358 2994 παρὰ
1385 2941 1460 2995 τῆς
1489 2936 1645 2994 φύσεως
1674 2935 1878 2987 τοιούτους
1908 2934 2006 2993 φησί
2033 2939 2153 2978 τοῦτο
2182 2933 2228 2978 τὸ

86 3013 247 3065 βιβλίον,
279 3014 383 3055 ibid.
415 3031 450 3057 e.
481 3018 546 3056 34.
607 3017 865 3059 Insolentius
889 3020 980 3072 jam
1011 3019 1054 3060 in
1087 3020 1278 3061 oratione
1309 3019 1499 3072 obliqua,
1545 3020 1756 3060 infinitivo
1786 3033 1870 3059 non
1901 3033 1955 3058 ex
1986 3017 2133 3066 verbo,
2178 3024 2226 3057 ut

76 3094 144 3146 vita.
175 3093 329 3143 dicam,
375 3095 605 3150 principali
644 3097 876 3151 pendente:
922 3096 956 3138 εἰ
985 3095 1062 3152 γὰρ
1100 3100 1248 3150 ταῦτα,
1292 3096 1404 3153 φασὶ,
1434 3095 1633 3154 ποιήσετε,
1665 3094 1770 3152 μηδὲ
1800 3097 1858 3139 ἔτι
1889 3092 2223 3152 ἀμφισβητεῖν

87 3167 178 3225 ὑμῖν
205 3173 281 3213 τῶν
313 3168 483 3227 ἀγαῗῑῶν
513 3172 651 3228 Epist.
683 3175 772 3217 Sat.
804 3178 870 3216 31.
904 3175 984 3217 111.
1016 3178 1109 3217 411.

1908 3259 1930 3296 3
