2456 3501
1126 137 1210 181 23

96 297 366 337 tentialem
414 291 948 337 vel‘condicionalem
982 297 1284 349 conjunctio
1316 312 1427 337 cum
1458 299 1796 351 conjunctivo
1827 301 1967 355 posita
1997 308 2111 342 esset
2144 302 2244 354 (Kr.

95 378 161 417 54.
188 378 248 416 17.
266 378 302 416 2.
334 377 460 415 65.·7.
482 375 539 425 3.)
570 372 643 415 καὶ
673 370 747 415 οὐκ
778 371 829 415 ἂν
857 372 1117 429 πιστεύσαιμι
1146 371 1298 426 αὐτοῖς,
1330 372 1410 418 ἔστ’
1440 373 1490 416 ἂν
1519 374 1592 417 καὶ
1622 378 1719 430 μιᾶς
1749 374 1960 432 ἀπείρατοι
1989 371 2060 421 ὦσι
2092 379 2242 421 Herm.

94 456 162 495 45.
179 454 213 494 Ι.
233 456 326 494 787.
375 450 463 507 πρὶν
493 450 536 494 δὲ
565 449 667 494 οὕτω
695 454 875 507 ποιῆσαι,
907 453 946 494 ἐν
976 452 1120 511 σκότῳ,
1152 452 1285 509 φασὶν,
1315 452 1525 509 ὀρχοίμεὲῖ’
1549 452 1612 506 ἂν,
1634 450 1692 505 οἷς
1714 454 1762 499 ἂν
1782 455 1963 512 τύχωμεν
1982 458 2239 513 προςπταίον-

92 545 160 583 τες
186 530 259 574 καὶ
287 529 349 574 ’ότι
380 529 430 573 ἂν
457 533 610 586 πρῶτον
643 531 686 581 ἐς
713 529 792 582 τὰς
824 536 965 587 χεῖρας
985 533 1107 589 ἔλςδῃ,
1129 531 1241 575 τοῦτ’
1266 528 1367 575 εἶναι
1386 532 1431 576 τὸ
1452 532 1694 590 ζητούμενον·
1713 532 2063 591 ὑπολαμβάνοντες
2092 538 2242 579 Herm.

92 615 160 653 49.
192 611 224 652 1.
256 614 350 652 791.
397 608 544 665 ὅμοιον,
581 607 634 660 ὡς
671 609 710 652 εἴ
737 625 800 660 τις
836 611 880 661 ἐς
915 613 1102 653 τοσοῦτον
1141 611 1349 664 σκευάζοι,
1389 611 1484 669 ἄχρι
1521 612 1570 655 ἂν
1598 613 1714 670 λάῗὲῃ
1746 613 1819 657 ὑπὸ
1849 618 1966 672 λιμοῦ
1998 616 2241 673 ὃιαφῖῑαρείς

92 691 241 732 Herm.
274 693 339 731 78.
369 690 404 731 I.
437 692 531 731 822.
592 691 720 742 Quae
762 691 938 732 licentia
983 693 1159 747 saepius
1192 693 1383 734 admissa
1413 708 1508 734 esse
1540 695 1732 744 videtur,
1779 710 1907 748 quam
1939 697 2241 737 animadversa

92 785 118 811 a
149 785 215 810 me
245 777 322 810 est.

292 848 414 890 Conf.
447 848 505 890 ἔτι
535 846 579 889 δέ
608 846 862 903 ῧαυμοίσειεν
891 846 941 890 ἅν
969 862 1032 898 τις
1060 846 1106 892 τὸ
1137 851 1207 892 τοῦ
1238 853 1385 905 χρυσοῦ
1417 849 1641 908 σύμμετρον
1671 849 1777 894 ἀλλὰ
1808 851 1864 909 μὴ
1894 852 1984 908 περὶ
2003 849 2080 903 τὰς
2099 853 2238 909 χρείας

91 926 326 984 ἐπίφῖῑονον,
374 924 458 969 ἀλλ’
484 924 630 970 ὁπόσον
668 925 717 968 ἂν
747 925 820 969 καί
848 926 1008 983 γυναικὶ
1037 927 1205 984 σώφρονι
1233 928 1308 971 καί
1337 932 1447 987 καλῇ
1480 921 1635 988 ἀρκέσῃ
1667 930 1953 988 ἐπισημότερον
1983 932 2242 988 ἐργάσασῖςαι

90 1006 136 1052 τὸ
163 1007 313 1057 κάλλος
344 1008 411 1048 De
444 1008 570 1048 Dom.
603 1010 640 1048 7.
671 1006 751 1048 ΠΙ.
787 1010 892 1058 194.,
936 1009 1020 1048 nisi
1066 1010 1175 1050 forte
1207 1011 1424 1064 optativus
1466 1027 1563 1052 euin
1597 1009 1646 1053 ἄν
1683 1028 1762 1053 nee
1801 1014 1985 1068 simplex
2023 1015 2242 1068 optativus

90 1096 207 1129 recta
238 1088 401 1128 ratione
433 1087 686 1142 postulatur,
718 1102 815 1127 eum
849 1086 947 1127 huic
980 1089 1216 1129 sententiae
1247 1105 1330 1130 non
1362 1099 1447 1130 tam
1479 1092 1791 1132 condicionalis
1824 1101 1895 1132 aut
1927 1094 2143 1146 generalis
2175 1094 2240 1133 vis

89 1167 580 1221 (verallgemeinernder
611 1166 742 1206 Sinn:
775 1166 987 1220 quidquid
1020 1181 1193 1221 quoque
1225 1175 1417 1224 tempore
1449 1171 1553 1210 satis
1577 1171 1676 1220 erit)
1710 1172 1851 1211 inesse
1874 1172 2085 1221 videatur,
2110 1187 2239 1226 quain

90 1246 308 1287 modestae
339 1246 636 1286 affirmationis
667 1246 943 1299 (gemilderte
968 1245 1282 1302 Behauptung:
1316 1259 1522 1303 quantum
1555 1251 1659 1291 satis
1692 1251 1780 1302 sit),
1813 1260 1856 1290 ut
1890 1252 2080 1306 optativo
2113 1252 2240 1292 dubi-

88 1327 220 1367 tativo
253 1335 324 1366 ant
357 1326 580 1380 potentiali
611 1325 732 1365 locus
766 1325 833 1366 sit.

290 1415 333 1467 h)
375 1415 694 1469 conjunctivus
728 1429 822 1456 cum
855 1411 906 1457 ἄν
932 1428 1024 1469 pro
1057 1417 1267 1470 optativo
1302 1419 1614 1460 condicionali
1646 1433 1740 1460 cum
1772 1418 1834 1472 ἄν,
1868 1422 1940 1474 qui
1962 1421 2241 1462 foedissimus

87 1502 152 1536 est
182 1495 475 1543 soloecismus,
522 1495 565 1534 in
596 1495 734 1547 Philop.
768 1497 833 1535 ⁶26.
866 1494 948 1535 111.
981 1497 1075 1536 615.
1108 1497 1345 1537 invenitur:
1393 1496 1427 1539 εἰ
1464 1494 1606 1553 ἀληῖῑῆ
1648 1497 1722 1540 εἰσι
1757 1501 1912 1551 ταῦτα,
1960 1495 2034 1540 οὐκ
2065 1497 2114 1541 ἄν
2143 1514 2240 1541 ποτε

86 1570 278 1629 ἀσφαλῶς
311 1570 367 1615 τὰ
405 1573 602 1627 μέλλοντα
640 1571 980 1630 ἐξιχνεύσητε,
1025 1571 1132 1616 ἀλλὰ
1162 1574 1370 1631 ληρήσετε.
1432 1578 1572 1619 Multo
1597 1580 1687 1632 jam
1718 1580 1924 1620 leviorem
1957 1580 2239 1621 offensionem

87 1655 346 1695 indicativus
380 1654 509 1693 futuri
542 1654 803 1708 praebuerit,
850 1669 977 1709 quem
1011 1670 1107 1696 curn
1140 1652 1189 1697 ἄν
1220 1658 1509 1710 conjunctum,
1557 1659 1755 1711 quamvis
1787 1660 2023 1708 rarissime,
2055 1660 2241 1714 reperiri

88 1734 227 1787 Kriig.
251 1735 316 1773 64.
339 1735 377 1773 3.
400 1735 438 1773 3.
471 1735 693 1773 confirmat
725 1734 768 1773 in
800 1724 1040 1788 eodemque
1072 1735 1182 1776 libro
1215 1736 1466 1777 offenderis:
1501 1736 1544 1778 τί
1570 1734 1648 1792 γὰρ
1681 1735 1730 1780 ἂν
1761 1736 1973 1794 δυνήσεται
1993 1734 2242 1794 ἀμυνέμεναί

85 1825 142 1864 σε,
174 1811 208 1854 εἰ
236 1810 471 1867 παραβαίης
500 1808 569 1853 τὸν
598 1809 716 1866 ὅρκον
747 1812 797 1854 C.
820 1815 858 1853 4.
884 1813 966 1854 111.
985 1816 1146 1865 589.*);
1180 1815 1255 1855 sed
1288 1815 1356 1856 hic
1390 1817 1565 1870 quidem
1598 1811 1710 1858 liber
1740 1819 1947 1872 indignus
1979 1818 2086 1858 mihi
2118 1819 2242 1859 vide-

85 1902 167 1942 tur,
198 1893 242 1932 in
273 1907 357 1946 quo
390 1891 647 1932 emendandi
679 1893 887 1933 rationem
920 1895 1054 1934 ineas.

286 1970 482 2024 Conjctv.
522 1986 599 2026 pro
640 1973 831 2026 optativo
871 1974 1094 2028 potentiali
1135 1975 1176 2014 in
1209 1976 1437 2017 enunciato
1476 1977 1755 2019 secundario:
1801 1976 1873 2020 καί
1906 1974 2062 2033 σφόδρα
2093 1973 2241 2033 ἀπορῶ,

85 2048 269 2100 οὕστινας
304 2047 377 2091 καὶ
416 2047 535 2105 εὕρῃς
573 2048 694 2092 εἰπεῖν
733 2053 828 2106 (pro
859 2049 986 2107 εὕροις
1024 2051 1089 2105 ἄν)
1121 2053 1191 2094 De
1224 2053 1373 2095 Paras.
1405 2055 1463 2096 11.
1497 2059 1590 2100 860.
1653 2056 1837 2099 Videtur
1875 2059 2075 2113 scriptori
2113 2058 2239 2112 hujus

84 2132 175 2171 fere
206 2131 490 2184 conjunctivi:
524 2126 658 2184 ἀπορῶ
687 2129 728 2172 τί
758 2132 856 2173 ποιῶ
888 2132 983 2186 (Kr.
1016 2135 1082 2174 54.
1116 2137 1153 2175 7.
1191 2136 1244 2182 1.)
1278 2135 1482 2189 analogia
1512 2135 1743 2177 obversata
1775 2153 1882 2177 esse.

287 2224 330 2270 c)
377 2219 477 2262 Jam
511 2221 563 2261 de
595 2222 867 2274 conjunctivo
899 2231 996 2278 post
1027 2225 1247 2280 simplicia
1279 2226 1461 2266 relativa
1492 2227 1560 2266 vel
1593 2229 1930 2281 conjunctiones,
1976 2243 2058 2268 non
2092 2226 2153 2280 ἄν,
2190 2238 2237 2269 ut

85 2301 206 2349 solet,
237 2301 416 2354 adjecto,
449 2316 642 2355 agemus.
705 2301 848 2353 Quem
880 2304 1154 2358 antiquorum
1186 2306 1414 2360 exemplis,
1448 2307 1646 2359 quamvis
1669 2307 1890 2347 rarissime
1913 2308 1954 2346 in
1978 2307 2119 2348 soluta,
2141 2323 2237 2349 ora-

83 2382 197 2422 tione
229 2381 485 2429 inveniatur,
517 2395 599 2421 non
633 2381 760 2435 plane
792 2381 1041 2423 destitutum
1074 2400 1170 2425 esse
1201 2385 1343 2439 Kriig.
1376 2387 1441 2426 54.
1477 2387 1539 2428 15.
1572 2388 1610 2426 3.
1643 2396 1684 2427 et
1719 2390 1781 2427 17.
1815 2389 1853 2427 3.
1887 2393 2080 2427 testatur.

286 2455 297 2471 Ρ
347 2457 356 2470 Ι
490 2458 499 2472 x
573 2458 607 2483 ,ζ
680 2458 689 2470 Ι
836 2463 855 2472 au
945 2462 955 2475 ²
1020 2459 1030 2475 θ
1139 2468 1153 2476 ⁴,
1214 2457 1230 2475 ῗ
1348 2461 1357 2476 2
1456 2463 1466 2476 r
1696 2467 1704 2475 ι
2014 2469 2036 2481 p-
2057 2469 2065 2479 ι

284 2473 427 2503 οποσον
455 2474 533 2514 γαρ
564 2475 757 2516 εςυφηνω,
787 2476 904 2503 τουτο
935 2477 976 2504 εν
1006 2478 1152 2518 ακαρει
1183 2465 1308 2515 αυῖῑις
1338 2466 1559 2506 αναλυεται
1591 2465 1625 2505 F
1631 2474 1738 2519 ugit.
1772 2468 1836 2506 21.
1870 2465 1951 2506 111.
1984 2468 2079 2506 310.

284 2538 389 2580 Post
418 2537 452 2580 εἰ
483 2540 644 2594 (Kriig.
677 2543 743 2580 54.
778 2543 842 2581 12.
874 2545 949 2593 3.).
1011 2543 1105 2584 Etsi
1146 2545 1334 2599 plurima
1367 2546 1643 2600 reperiuntur
1682 2546 1894 2600 exempla,
1926 2546 2235 2602 Schwidopius

83 2628 224 2659 tamen
257 2616 381 2667 (Obs.
413 2619 523 2659 Luc.
556 2619 631 2675 Sp.
664 2622 703 2661 3.
736 2636 777 2676 p.
810 2623 848 2661 7.
880 2636 944 2676 sq.
990 2621 1145 2677 Progr.
1178 2624 1217 2664 d.
1250 2624 1569 2680 Kneiphiifsch.
1593 2623 1751 2679 Gymn.
1775 2641 1827 2665 zu
1850 2625 2236 2680 Kz5nigsb.186‹))‚

83 2698 359 2740 doctissimus
390 2699 470 2747 vir,
503 2699 576 2752 qui
609 2700 719 2741 hanc
751 2716 775 2740 a
806 2700 1004 2743 Luciano
1036 2704 1248 2744 maculam
1282 2706 1463 2754 auferat,
1495 2705 1696 2746 omnibus
1719 2705 1826 2746 locis
1849 2714 1918 2745 aut
1941 2702 1990 2760 ἥν
2012 2706 2237 2745 substituit

83 2785 154 2818 aut
186 2776 469 2818 indicativum
501 2779 570 2819 vel
601 2781 840 2834 optativum
874 2782 1038 2832 scribit,
1071 2783 1347 2825 Dindorfium
1380 2785 1493 2825 idem
1526 2786 1793 2840 vituperans,
1818 2785 1932 2839 quod
1956 2785 2080 2834 hanc,
2104 2799 2234 2838 quam

83 2856 202 2905 dicit,
233 2856 522 2910 stribliginem
554 2859 596 2899 in
628 2874 707 2900 sua
737 2861 927 2902 editione
957 2877 1040 2903 non
1072 2865 1307 2906 sustulerit.
1359 2864 1447 2906 Sed
1479 2865 1678 2918 quamvis
1710 2873 1750 2905 et
1781 2865 2018 2905 doctrinam
2041 2872 2081 2904 et
2105 2879 2235 2918 saga-

82 2937 253 2977 citatem
286 2935 404 2976 illius
436 2937 518 2977 viri
551 2940 695 2993 magni
727 2940 899 2991 faciam,
932 2955 1073 2983 tamen
1106 2943 1215 2984 hane
1247 2945 1375 2993 viam,
1417 2958 1546 2997 quarn
1578 2952 1695 2984 recta
1726 2946 1830 2985 artis
1863 2945 2039 2985 criticae
2068 2944 2236 2985 ratione

84 3014 302 3069 prohiberi
336 3022 494 3069 putem,
524 3017 699 3058 minime
732 3020 856 3073 sequi
891 3035 1019 3076 posse
1051 3022 1155 3062 mihi
1187 3024 1355 3063 videor:
1401 3021 1435 3064 εἰ
1464 3021 1521 3079 μὴ
1552 3023 1704 3066 ιὲέλωσι
1733 3023 1815 3079 Ep.
1834 3024 1921 3066 Sat.
1945 3025 2012 3064 24.
2037 3023 2119 3064 III.
2138 3026 2234 3064 407.

283 3160 321 3212 *)
360 3164 578 3202 Infinitivus
617 3165 733 3205 futuri
774 3182 859 3207 cum
898 3163 948 3208 ἄν
985 3171 1152 3220 legitur:
1200 3173 1277 3210 An.
1316 3172 1377 3210 17.
1410 3173 1462 3212 II.
1498 3176 1589 3212 896.
1638 3169 1800 3225 ἔγραψα
1831 3167 1993 3224 νόμους,
2036 3167 2153 3220 ὅσους
2185 3166 2234 3226 ᾆν

84 3225 194 3283 ᾤμην
225 3224 557 3283 ὠφελιμωτάτους
589 3229 758 3274 ἔσεσΐςαι
786 3235 839 3288 τῇ
871 3232 992 3276 πόλει.

1907 3317 1961 3358 5*
