2456 3501
1128 119 1193 162 n

92 278 168 336 τὴν
203 278 422 332 συνουσίαν,
443 275 512 328 -ὦς
539 275 782 332 ἐννοήσαιμι,
808 275 842 322 ,ἅ
870 293 917 321 τε
945 275 1023 334 χρὴ
1056 277 1178 321 εἰπεῖν
1208 275 1416 332 συνάγοιμι
1445 277 1529 318 An.
1560 280 1626 318 40.
1658 293 1698 333 p.
1731 280 1824 319 922.
1873 277 2005 334 πρὸςει
2033 279 2237 335 ἐπιῗυμῶν

91 359 286 414 γενέσῖῑαι
314 357 379 400 ἐπὶ
406 360 482 414 τῆς
513 355 658 411 ἄκρας,
690 353 741 406 ὥς
769 355 998 412 γαμήσειας
1027 354 1100 399 καί
1120 355 1258 398 πάντα
1280 356 1385 411 ἔχοις
1406 357 1624 408 (infinitivi
1645 358 1848 398 nimirum
1869 366 2051 414 tempus,
2074 361 2237 415 quippe

92 439 163 480 cui
195 462 248 479 -,
279 437 585 492 utparticipio
616 460 668 465 —
701 451 725 476 a
756 436 888 477 verbo
920 437 1153 491 principali
1197 436 1348 477 modus
1387 450 1491 476 suus
1523 436 1807 490 impertiatur,
1839 437 2000 478 nullius
2033 441 2234 479 momenti

92 519 188 568 est.)
220 518 324 557 Rhet.
357 516 479 556 Pravo.
512 518 549 555 6.
581 514 662 555 ΙΙΙ.
696 517 733 554 6.
784 512 819 555 εἰ
855 511 1036 568 τάχιστα
1076 514 1234 564 ἐῇέλεις
1262 517 1316 569 τῇ
1349 513 1540 569 ῥητορικῇ
1572 518 1755 564 συνεῖναι,
1786 511 1837 563 ὡς
1867 515 2099 567 σπουδάζοιο
2131 521 2235 560 ubet.

93 597 212 642 Praec.
238 598 301 636 10.
334 610 374 650 p.
400 596 461 635 11.
511 593 626 647 λέγω,
659 590 710 642 ὡς
739 592 1072 649 γνωρίζοιςμηδέ
1102 607 1145 635 σε
1176 591 1372 636 διαλάῖΐοι
1402 594 1461 633 ib.
1486 596 1551 634 11.
1575 609 1615 649 p.
1640 596 1704 634 12.
1753 592 1867 645 λέξω,
1898 592 1949 645 ὦς
1980 594 2027 638 ἂν
2056 596 2236 652 τάχιστα

92 671 277 716 διανύσαι
306 671 525 728 δυνηῗείης
555 674 611 713 ib.
646 676 708 713 15.
741 689 782 728 p.
818 675 880 712 15.
931 671 1109 728 ἐπιτηρεῖ
1146 671 1219 714 καί
1257 669 1390 714 ἀντίον
1427 668 1537 729 αὐτῷ
1568 669 1655 728 ὁρᾷ,
1687 669 1738 721 ὡς
1769 671 1824 728 μὴ
1858 670 2060 716 ἁλίσκοιτο
2094 677 2234 718 Musa.

90 752 197 793 Enc.
229 754 266 792 5.
299 752 380 804 ΙΙΙ.
412 754 479 792 94.
527 747 664 793 λοιπὸν
701 754 778 803 (sc.
814 751 915 802 ἔστι)
948 749 1140 793 ὠνεῐσὲῑαι
1179 749 1236 793 τὰ
1267 750 1414 804 βιβλία,
1453 749 1506 801 ὡς
1536 748 1756 806 ἀληΐῑεύοις
1788 752 1897 793 Adv.
1929 753 2022 795 Ind.
2056 759 2120 795 20.
2153 756 2234 796 ΙΙΙ.

92 834 183 872 115.
233 829 370 886 ῥητέον
400 829 457 879 δὲ,
490 827 541 879 ὡς
571 828 627 885 μὴ
660 828 794 871 αἰτίαν
823 830 955 884 ἔχοιμι
984 831 1188 872 Pseudol.
1220 834 1258 871 3.
1282 831 1364 871 111.
1389 834 1481 871 165.
1530 831 1606 872 τῶν
1635 832 1815 872 παλαιῶν
1845 827 2052 886 ὀνομάτων
2081 831 2133 875 τὰ
2166 833 2237 888 μὲν

90 909 237 959 λεκτέα
266 907 320 952 τὰ
350 905 450 961 δὀύ,
482 906 532 958 ὡς
563 908 619 964 μὴ
640 908 911 964 ταράττοιμεν
944 910 999 949 ib.
1024 912 1086 950 14.
1106 925 1146 964 p.
1167 912 1258 950 173.
1312 906 1523 951 ἀνιάσεται
1553 910 1704 964 μᾶλλον
1732 907 1804 951 καὶ
1835 911 2155 966 φιλοτιμήσεται,
2187 910 2239 963 ὡς

89 987 146 1045 μὴ
178 985 462 1044 ὑπερβάλοιντο
494 985 616 1030 αὐτὸν
646 987 681 1029 οἱ
711 985 958 1042 ἀντερασταί
989 989 1104 1028 Dial.
1138 988 1248 1029 Mer.
1281 991 1317 1032 8.
1350 992 1387 1029 2.
1421 989 1502 1029 ΙΙΙ.
1535 991 1629 1029 299.
1681 985 1801 1030 ὠῖῑεῖν
1840 990 2132 1044 (imperative)
2164 991 2237 1033 καὶ

89 1070 242 1119 τοῦτον,
279 1065 331 1119 ὡς
369 1065 472 1123 μηδὲ
509 1064 721 1122 ἀνακύψαι
759 1067 951 1123 δυνηῇείη
991 1066 1102 1107 Tim.
1134 1069 1201 1107 44.
1235 1067 1269 1107 Ι.
1304 1070 1394 1108 157.
1444 1066 1469 1123 ἢ
1508 1066 1553 1109 τό
1592 1082 1638 1121 γε
1678 1069 1868 1109 τοσοῦτον
1902 1069 2238 1126 παρανομήσομεν

89 1145 260 1197 signina}
301 1143 437 1196 αὐτοῖς
472 1143 754 1202 ὁμιλήσαντες,
793 1143 843 1196 ὡς
879 1146 997 1187 πλέον
1029 1143 1192 1204 ἀνιῷντο
1225 1147 1466 1201 (participii
1499 1155 1667 1202 tempus
1700 1148 1861 1188 nullius
1895 1153 2115 1199 momenti3
2149 1151 2237 1191 vid.

91 1227 253 1281 supra.)
287 1225 396 1266 Tim.
429 1229 494 1266 45.
527 1225 558 1267 Ι.
585 1228 672 1266 158.
724 1219 843 1274 οὗτος
874 1223 1009 1281 ἐπειδὴ
1040 1224 1285 1280 λουσάμενος
1316 1222 1501 1280 ἀφίκοιτο
1533 1227 1623 1280 (hic
1655 1228 1830 1282 optativ.
1863 1243 1947 1269 non
1980 1239 2126 1269 contra
2157 1231 2238 1270 At-

90 1307 270 1346 ticorum
303 1307 531 1354 rationem3
564 1306 616 1346 ef.
650 1305 790 1359 Kriig.
824 1308 889 1345 54.
923 1308 985 1346 17.
1009 1307 1081 1355 5.),
1113 1302 1388 1346 ἐναντιώτατα
1419 1304 1700 1358 ἐπιδείκνυται,
1733 1303 1784 1355 ὡς
1814 1305 1918 1362 μηδὲ
1948 1302 2077 1361 ὀλίγον
2107 1322 2238 1349 κατα-

89 1383 193 1445 λίποι
223 1384 333 1425 Tim.
357 1386 422 1424 54.
448 1384 480 1424 1.
506 1386 708 1425 170-71,
759 1381 849 1426 οὔτε
879 1381 957 1439 γὰρ
987 1380 1174 1426 ταπεινὸν
1205 1381 1544 1438 ἀνεσταυρῶσῖςαι
1572 1383 1665 1440 χρὴ,
1696 1381 1748 1434 ὡς
1778 1385 1835 1441 μὴ
1866 1384 2103 1440 ἐπαμύνοιεν
2125 1385 2236 1445 αὐτῷ

92 1463 235 1505 Prom.
270 1465 305 1504 1.
328 1463 362 1503 I.
388 1465 477 1503 185.
528 1461 840 1519 καταπτήσεται
870 1460 889 1505 ὃ
921 1460 1054 1515 ἀετὸς,
1087 1461 1138 1513 ὡς
1167 1462 1305 1505 πάντα
1334 1464 1440 1517 ἔχοις
1470 1464 1612 1504 Prom.
1637 1468 1673 1504 2.
1696 1465 1730 1505 Ι.
1757 1469 1846 1505 157.
1895 1464 1930 1506 οἱ
1960 1464 2003 1507 δὲ
2036 1465 2240 1521 ἅνὶτρωποι

89 1543 264 1597 χρῶνται
297 1543 354 1600 τῷ
391 1540 502 1597 πυρὶ,
548 1540 653 1591 ὅπως
689 1542 814 1596 ἔχοιεν
850 1542 994 1584 Prom.
1030 1547 1091 1583 19.
1124 1543 1158 1583 Ι.
1191 1546 1284 1584 202.
1335 1541 1550 1599 φυλάττειν
1584 1540 1662 1599 γὰρ
1700 1541 1778 1600 χρὴ
1817 1541 1863 1586 τὸ
1905 1541 2142 1601 ἀπόρρητον,
2189 1543 2240 1595 ὡς

91 1619 239 1676 ,ni-‚0334
268 1619 329 1678 εἴη
363 1621 504 1662 Prom.
539 1624 602 1662 21.
635 1637 674 1677 p.
709 1625 802 1662 204.
853 1621 1116 1677 καῖῖεδοῦμαι
1144 1619 1198 1663 τὰ
1229 1620 1412 1663 κάκιστα
1442 1619 1657 1677 εὐχόμενος
1686 1624 1891 1678 γενέσῖῖαι,
1923 1620 1974 1673 ὡς
2005 1622 2053 1665 ἂν
2083 1622 2237 1666 ἀπολά-

91 1704 198 1755 βοιμι
228 1700 344 1741 Dial.
378 1700 505 1741 Mort.
538 1703 575 1741 4.
609 1704 645 1742 2.
679 1701 712 1742 Ι.
745 1704 840 1744 342.
891 1698 942 1751 ὡς
971 1699 1015 1742 δὲ
1044 1698 1098 1743 τοὶ
1127 1699 1338 1756 κεφάλαια
1367 1700 1481 1754 ἴδοις,
1513 1699 1616 1744 τοῦτ’
1651 1700 1732 1758 ἤδη
1763 1703 1956 1744 σκεπτέον
1987 1703 2114 1746 Char.
2140 1707 2177 1744 2.
2204 1705 2238 1744 Ι.

92 1784 187 1821 492.
237 1776 390 1835 ὑψηλοῦ
426 1795 530 1829 τινος
568 1782 627 1822 δεῖ
662 1780 819 1835 χωρίου,
859 1778 911 1831 ὡς
940 1779 1076 1822 πάντα
1105 1780 1287 1830 κατίδοις
1310 1794 1318 1802 ·
1339 1778 1433 1829 τοὺς
1461 1779 1616 1837 γόητας
1647 1780 1691 1823 δὲ
1719 1783 1859 1831 κακῶς
1889 1781 2157 1837 ἐπιτρίψομεν,
2188 1780 2239 1833 ὦς

90 1858 147 1915 μὴ
179 1855 439 1900 ἀντιποιοῖντο
472 1859 588 1901 Piso.
610 1864 676 1901 44.
700 1861 732 1901 1.
753 1864 846 1901 611.
898 1859 934 1901 οἷ
953 1861 1176 1915 νομοῖῖέται
1205 1858 1518 1914 προςτάττουσιν
1547 1857 1696 1915 ὁμοίως
1727 1857 1874 1916 ἀμφοῖν
1906 1857 2157 1915 ἀκροᾶσῒαι,
2188 1860 2240 1912 ὡς

91 1940 184 1995 ρᾷον
214 1935 430 1994 εὑρίσκοιεν
461 1939 608 1979 Herm.
640 1942 706 1980 30.
738 1940 771 1981 Ι.
805 1941 897 1981 771.
951 1937 1103 1994 ἄπειμι,
1135 1936 1187 1989 ὡς
1218 1938 1524 1994 μεταβαλοίμην
1560 1939 1710 1981 Herm.
1743 1944 1808 1981 86.
1841 1941 1874 1981 Ι.
1913 1944 2005 1981 830.
2055 1938 2168 1995 τάχα
2198 1939 2242 1982 δὲ

91 2016 438 2074 μεταμφιάσομαι,
470 2016 521 2068 ὡς
550 2017 687 2060 εἰδεῖεν
716 2019 772 2060 ib.

999 2100 1038 2150 β)
1069 2104 1176 2153 post
1208 2096 1328 2147 ὅπως.

288 2174 378 2232 ’ἥκω
420 2175 622 2232 τοσαύτην
664 2179 740 2232 γῆν
785 2176 1006 2230 διοδεύσας,
1051 2175 1157 2227 ὅπως
1203 2176 1432 2232 ἐκμάζτοιμι
1476 2178 1547 2229 (an
1584 2178 1700 2232 quod
1738 2176 1828 2233 ἥκω
1867 2178 1923 2218 id.
1957 2192 1995 2231 q.
2026 2170 2237 2232 {1250va

89 2256 258 2297 Anach.
291 2258 353 2296 14.
387 2256 444 2296 II.
467 2258 561 2297 892.
609 2257 728 2297 τοῦτο
760 2259 1012 2312 προνοοῦμεν,
1043 2254 1151 2306 ’ὅπως
1180 2256 1216 2298 οἱ
1245 2258 1407 2298 πολῖται
1438 2253 1593 2310 άγαῖῑοὶ
1623 2254 1694 2311 μὲν
1723 2254 1800 2306 τὰς
1830 2253 1979 2311 ψυχὰς,
2013 2255 2164 2312 ἰσχυροὶ
2195 2257 2240 2299 δὲ

93 2331 147 2376 τὰ
175 2333 345 2388 σώματα
373 2333 565 2389 γίγνοιντο
596 2338 679 2376 An.
713 2338 777 2376 20.
809 2352 850 2391 p.
883 2340 976 2377 901.

1018 2421 1062 2470 γ)
1092 2425 1198 2470 post
1229 2415 1307 2458 ἴνα.

289 2490 343 2534 τὰ
373 2488 523 2548 μὲνδὴ
556 2490 695 2547 ὑψηλὰ
730 2491 804 2534 καὶ
838 2499 1041 2549 κορυφαῖα
1084 2496 1154 2537 τοῦ
1192 2494 1303 2537 οἴκου
1325 2491 1512 2551 οΟμήρου
1550 2492 1654 2544 τινος
1697 2492 1870 2549 δεόμενα
1908 2493 2130 2546 ἐπαινέτου,
2174 2495 2239 2537 ἴνα

92 2567 211 2613 αὐτὸν
239 2569 265 2628 ἢ
297 2569 502 2627 ὑψώροφον
531 2570 558 2627 ἢ
589 2571 806 2627 αἰγληέντα
836 2572 939 2615 εἴποι
970 2574 1038 2615 De
1072 2575 1197 2616 Dom.
1230 2578 1268 2615 9.
1301 2575 1384 2616 ΙΙΙ.
1421 2577 1510 2615 195.

652 2653 692 2700 δ)
724 2658 831 2706 post
862 2651 920 2709 μή
952 2653 1013 2694 ad
1046 2654 1185 2695 cerba
1217 2655 1400 2695 timendi
1429 2655 1678 2707 pertinens.

291 2727 391 2773 ὥστε
420 2745 487 2785 μοι
516 2729 788 2785 ἐνῖςυμεῖσῖᾶαι
818 2731 956 2783 ἔπεισι,
999 2729 1058 2788 μὴ
1096 2731 1177 2787 ἄρα
1207 2730 1311 2774 οὕτω
1341 2747 1390 2786 με
1420 2733 1652 2787 Προμηῇέα
1681 2733 1809 2783 λέγοις
1852 2731 1996 2773 Prom.
2032 2735 2069 2773 2.
2102 2733 2135 2773 Ι.
2170 2736 2237 2773 26.

91 2810 205 2851 δέδια
240 2807 379 2860 τοίνυν,
415 2806 471 2865 μὴ
512 2803 637 2859 αὗξςις
670 2808 808 2865 ’ὅμοιόν
840 2826 878 2852 τι
911 2813 970 2869 τῷ
1005 2814 1221 2867 Προμηῖςεῖ
1251 2814 1308 2869 τῷ
1337 2813 1392 2868 σῷ
1421 2810 1648 2867 πεποιηκὼς
1686 2810 1936 2867 φαίνωμαι
1965 2807 2011 2852 τὸ
2041 2812 2151 2866 ςὲῆλυ
2181 2812 2238 2860 τῷ

92 2888 224 2943 ἄρρενι
261 2887 541 2943 ἐγκαταμίξας
577 2888 650 2931 καὶ
680 2886 724 2931 δι’
761 2886 860 2931 αὐτὸ
892 2889 1008 2946 δίκην
1038 2888 1235 2945 ὑπόσχω
1256 2903 1264 2913 ·
1287 2891 1440 2945 μᾶλλον
1470 2889 1515 2931 δέ
1552 2888 1607 2946 μὴ
1645 2888 1719 2932 καὶ
1749 2887 1846 2931 ἄλλο
1876 2904 1916 2930 τι
1945 2893 2125 2939 τοιοῦτος
2155 2904 2239 2945 φα-

89 2967 221 3023 νείην
259 2965 470 3018 ἐξαπατῶν
508 2966 601 3018 ἴσως
638 2967 731 3018 τοὺς
770 2966 993 3019 ἀκούοντας
1028 2969 1101 3012 καὶ
1139 2967 1240 3012 ἐστᾶ
1278 2967 1482 3024 παραῖτείς
1504 2958 1657 3019 ἀὐτοῖς
1685 2969 1976 3024 κεκαλυμμένα
2005 2970 2059 3024 τῇ
2088 2971 2238 3026 πιμελῇ

92 3047 192 3094 (hoc
223 3048 418 3097 alterum,
464 3048 580 3101 quod
611 3051 806 3103 conjecit,
839 3050 1171 3104 improbabilius
1204 3051 1242 3090 ei
1275 3050 1447 3090 videtur
1478 3065 1528 3090 ac
1559 3066 1611 3089 ne
1645 3050 1756 3089 serio
1789 3049 1966 3102 quidem
1999 3049 2235 3099 metuitur.)

91 3125 235 3167 Prom.
258 3129 296 3166 7.
321 3125 353 3166 Ι.
376 3128 443 3166 35.
493 3122 608 3180 ἥκεις
638 3125 790 3179 δεδιὼς,
821 3124 879 3183 μή
911 3125 984 3183 πρὸ
1015 3130 1092 3170 τῶν
1122 3126 1254 3170 ἄλλων
1284 3125 1446 3183 ἀφίκοιο
1478 3128 1690 3178 (nonnihil
1724 3128 1794 3168 hic
1817 3135 2050 3168 excusatur
2070 3128 2238 3177 modus,

92 3204 207 3257 quod
237 3220 319 3255 res,
351 3219 462 3259 quae
495 3216 766 3258 memoratur,
799 3209 988 3262 cogitata
1019 3209 1192 3262 quidem
1226 3216 1303 3257 est,
1334 3220 1416 3248 non
1449 3209 1594 3261 facta.)
1642 3207 1695 3247 de
1727 3205 1865 3247 Mero.
1897 3205 1947 3247 C.
1982 3208 2046 3249 14.
2079 3206 2112 3248 I.
2143 3208 2235 3246 670.

1913 3290 1939 3326 4
